2670 4808
218 334 262 422 54
502 341 548 406 Μ.
566 342 673 408 vas.
702 342 994 409 Maeoticis

658 563 833 649 LVIII.

596 799 648 844 ΔΙ)
676 799 900 845 Annunast.

267 985 566 1054 Ascissssrosuu
586 997 693 1051 tuate
712 999 810 1052 vocat
828 1007 930 1067 uxor,
949 997 983 1051 et
1004 985 1075 1076 ipsa

318 1087 535 1158 Lecticariola
557 1103 630 1158 est:
649 1091 745 1176 estis,
764 1088 910 1176 Alauda,
927 1112 1033 1183 pares.

259 1314 280 1345 ι.
298 1294 500 1359 Ancillariolum,
515 1308 567 1348 eto.
580 1294 661 1362 Quod
677 1315 723 1348 an·
768 1314 826 1366 cap.
838 1300 882 1351 ²6.
894 1296 1045 1361 Nescio,an
1055 1296 1193 1349 mulierem
1204 1298 1284 1351 istem

214 1375 286 1427 cillss
308 1386 459 1427 sectaretur.
477 1372 530 1426 Sed
550 1387 577 1427 et
598 1372 725 1428 inatronn
768 1375 861 1446 probri
880 1388 907 1428 et
923 1374 1062 1428 dedecoris
1081 1375 1159 1428 tacite
1179 1389 1283 1446 arguat.

216 1455 307 1505 Romu
326 1471 370 1505 eos
389 1452 513 1506 dicebant
532 1454 724 1520 ancillariolos,
769 1454 837 1507 Nam
852 1454 879 1506 in
896 1454 996 1507 lecticis
1010 1466 1037 1507 et
1049 1454 1119 1507 sellis
1131 1455 1185 1508 suis
1202 1457 1284 1509 velie·

216 1532 263 1603 qni
277 1532 350 1584 nulla
364 1533 450 1585 nobili
468 1533 550 1586 amics
565 1553 593 1587 se
608 1535 725 1588 fecerant
768 1535 869 1587 bantur
886 1533 1050 1605 quaudoque
1067 1534 1144 1586 bellet
1157 1533 1209 1587 illei
1225 1554 1284 1588 ms-

216 1611 340 1681 insignes.
350 1611 442 1664 Senec.
454 1610 488 1665 de
497 1612 590 1666 Benel'.
601 1613 648 1666 lib.
658 1615 685 1678 1,
697 1634 723 1683 9.
769 1626 854 1667 trono
871 1615 951 1684 paulo
967 1613 1116 1678 incautius,
1130 1626 1176 1667 aut
1192 1616 1285 1685 potius

258 1710 283 1742 s.
302 1692 459 1743 laectkariola
478 1705 526 1753 est,
549 1705 600 1745 etc.
613 1693 682 1757 Quo
697 1690 724 1746 se
768 1694 890 1746 consulto
906 1712 962 1746 sose
981 1691 1159 1764 inspiciendae
1178 1695 1285 1763 probe·

215 1769 352 1839 prostituit
374 1771 455 1823 servis
480 1772 597 1824 lecticam
622 1773 724 1825 succol·
767 1773 832 1825 bant
845 1777 896 1835 τοῖς
907 1773 1149 1841 suffice—Parca
1163 1773 1285 1835 Gallice,

213 1848 336 1903 lantibm.
351 1848 421 1903 Vide
432 1851 549 1904 Turneh.
564 1851 610 1904 lib.
622 1852 702 1905 XXX
715 1892 722 1916 ,
767 1862 888 1904 nemetes
901 1854 917 1903 ὰ
928 1853 990 1904 deun
1004 1852 1034 1904 de
1041 1855 1091 1921 jeu.
1105 1852 1157 1903 En.

683 2057 808 2143 LIX.

417 2284 464 2326 DE
494 2282 752 2329 IMPORTUNIS
780 2283 1085 2329 assimulatis.

372 2474 545 2540 Taurum
560 2470 617 2538 dat
633 2471 690 2538 tibi
706 2473 813 2539 Roma
828 2470 994 2539 basiorum

374 2578 450 2644 Post
472 2601 576 2646 annos
597 2575 697 2644 inodo
716 2575 903 2669 quindecim
921 2599 1072 2663 reverso,

374 2687 547 2770 Quantum
567 2682 685 2750 Lesbia
705 2706 771 2749 non
789 2680 881 2749 dedit
896 2680 1038 2750 Catullo.

373 2791 419 2856 Tc
442 2789 562 2856 vicinia
584 2801 671 2871 tota,
692 2800 724 2855 te
742 2785 865 2880 pilosus

374 2894 514 2962 Hircoso
531 2895 650 2986 premit
667 2891 780 2961 osculo
796 2892 943 2961 colonus.

261 3124 284 3156 1.
301 3107 414 3165 iliatam,
427 3114 477 3156 etc.
490 3101 560 3155 Vide
571 3101 634 3155 huic
645 3102 726 3172 genii·
770 3101 876 3170 longius
893 3099 1003 3171 aliquod
1023 3102 1073 3153 iter
1092 3101 1286 3173 suscipientes,

215 3183 342 3237 annalib.
358 3183 409 3245 xl,
423 3181 506 3251 epigr.
524 3200 618 3234 novur.
768 3179 867 3232 amicos
878 3181 1075 3232 osculabantur.
1087 3180 1191 3234 Plinius
1197 3182 1284 3236 Pane·

258 3263 284 3315 3.
309 3263 431 3330 Quantum
452 3260 548 3313 belin.
573 3254 669 3313 Catulli
691 3258 725 3312 de
767 3259 859 3329 gyrico
874 3276 881 3312 :
899 3258 1004 3312 Gratum
1018 3271 1071 3311 ernt
1089 3263 1197 3322 cunctis,
1220 3263 1288 3332 quod

216 3343 266 3395 hec
280 3360 310 3395 re
324 3359 414 3394 versus
428 3337 584 3410 lepidissimi
601 3338 725 3391 omnibus
768 3338 882 3391 Susam
891 3339 973 3391 osculo
984 3342 1119 3409 aenam,
1135 3350 1163 3390 ut
1173 3339 1285 3392 dinissm

214 3420 249 3474 ad
263 3439 371 3473 manum
380 3433 452 3473 sunt.
464 3418 578 3471 Solitum
585 3430 673 3471 autem
680 3435 726 3488 pe·
767 3419 849 3470 osculo
859 3419 956 3482 fueras.
974 3418 1114 3471 Persarum
1129 3419 1211 3472 etiam
1227 3419 1285 3473 hec

214 3517 290 3571 regie
305 3497 446 3552 redeuntes
461 3497 539 3550 basiis
554 3497 654 3567 excipi,
664 3497 725 3550 satis
767 3496 933 3550 consuetudo
943 3498 1013 3550 inter
1021 3499 1078 3558 τοὺς
1088 3502 1222 3573 westie.
1233 3501 1287 3551 He·

213 3592 308 3631 notum
319 3589 365 3629 est.
380 3578 430 3629 llic
444 3596 501 3629 mos
516 3576 724 3648 antiquissimus,
768 3574 950 3629 mlelNideud
961 3595 1067 3648 quoqne
1078 3576 1185 3642 Itbv1,
1196 3578 1282 3650 epigr.

214 3670 241 3710 et
251 3657 376 3710 Israelitis
387 3675 494 3726 quoqne
503 3656 621 3709 usitatus.
631 3653 684 3707 Sed
696 3656 724 3707 iu
770 3674 858 3719 xxm,
870 3674 909 3710 vs.
925 3674 952 3724 7.

214 3737 267 3789 hoc
281 3736 372 3789 osculo
383 3737 453 3789 anim
464 3734 498 3789 ad
510 3733 635 3789 vertenda
644 3734 725 3787 etiam
810 3735 835 3787 5.
854 3735 957 3787 IIircnso
969 3740 1071 3804 premit,
1092 3747 1142 3788 etc.
1159 3735 1283 3800 Fotide,

214 3814 325 3868 honoris
337 3828 365 3866 et
374 3815 547 3869 observantia
561 3829 637 3876 nota,
654 3815 723 3867 Rab-
768 3816 835 3867 male
850 3816 933 3867 olenti
947 3815 1052 3868 hircum
1065 3814 1212 3867 stillarum.
1228 3817 1284 3868 13«-

212 3894 283 3946 binie
298 3896 444 3946 observata.
463 3895 515 3945 Diu
532 3893 651 3947 obtinuit
666 3894 722 3947 heo
766 3898 808 3947 sits
822 3894 957 3947 otdnsimts
972 3892 1043 3947 dixit
1057 3895 1165 3947 Penon.
1181 3895 1283 3965 impuri

211 3971 384 4026 consuetudo.
392 3971 445 4026 Sed
453 3986 479 4026 et
488 3971 666 4038 discedentes,
676 3984 721 4024 aut
767 3973 869 4026 scilieet
885 3974 948 4026 oris.

331 4340 341 4370 i

80 4374 249 4512 Ἀ
