2670 4808
208 373 254 415 uu
485 348 533 415 M.
557 349 663 416 VAL.
693 347 991 416 MARTIALIS

364 478 442 548 Non
457 491 567 546 rector
585 478 701 571 Libyci
720 479 813 572 niger
830 475 965 559 caballi,

364 584 559 652 Succinctus
576 608 685 678 neque
703 608 820 657 cursor
835 581 1008 652 antecedit.
1049 668 1051 673 Ι

364 687 535 782 Nusquam
554 704 605 759 est
619 688 721 759 mulio
738 687 910 758 :mannuli
927 688 1093 758 tacebunt.

364 796 396 863 Ο
412 797 440 863 si
455 796 607 864 conscius
624 810 710 866 esset
726 796 780 866 hic
796 797 931 881 Avitus,

364 902 489 968 Aurem
505 925 574 968 non
590 926 653 994 ego
668 903 799 970 tertiam
818 902 980 970 timerem.

366 1008 471 1074 Totus
489 1030 589 1099 quam
608 1007 693 1077 bene
710 1009 755 1077 sic
774 1007 844 1076 dies
862 1000 984 1075 abiret!

249 1183 276 1232 6.
285 1177 392 1243 -Vector,
411 1176 473 1230 edd.
485 1191 550 1231 vett.
568 1190 595 1232 et
608 1180 720 1233 Farnsb.
765 1180 866 1252 pariter
878 1179 925 1232 lib.
944 1179 985 1241 X,
999 1176 1083 1248 epigr.
1099 1194 1169 1244 xm,
1188 1196 1228 1231 vs.
1253 1199 1280 1233 2.

209 1259 324 1320 Vectus,
335 1257 673 1329 scilicetestllirrszripcvoc
683 1251 719 1329 ἐφ’
807 1262 833 1313 8.
848 1259 969 1312 Menon.
989 1258 1067 1311 Parvi
1081 1258 1143 1328 equi
1162 1258 1208 1329 qui
1226 1277 1283 1311 eer-

207 1338 302 1396 ἵπποις.
310 1336 354 1390 Sic
363 1337 516 1410 uehereequo
524 1350 603 1407 arque
614 1342 638 1390 in
649 1358 718 1409 equo,
765 1357 858 1392 mones
867 1351 972 1392 nostros
982 1355 1037 1389 non
1049 1335 1185 1403 deserent,
1198 1339 1284 1409 equi·

208 1416 333 1487 frequens
346 1435 397 1486 pro
412 1416 490 1480 vehi,
504 1418 611 1484 ὀχεῖσθαι
626 1420 720 1478 ἵπποις.
764 1419 816 1472 bus
831 1418 932 1471 scilicet
946 1416 1100 1470 trahebatur
1113 1417 1235 1470 corinun.

210 1494 314 1549 &ballo
325 1495 382 1547 MS.
394 1493 583 1549 Bererlandus.
596 1519 637 1532 -
645 1497 725 1566 Niger
809 1517 835 1566 9.
852 1498 949 1550 Avitus.
963 1495 1006 1548 Ad
1018 1515 1097 1567 quem
1109 1496 1241 1573 Martialis
1252 1496 1285 1549 li·

210 1574 307 1627 caballi.
325 1576 449 1638 Mennis,
466 1575 597 1647 Massylus
620 1595 721 1647 eques,
766 1577 817 1629 bro
833 1577 890 1636 lx,
906 1577 990 1646 epigr.
1007 1594 1027 1629 ι.

210 1655 331 1707 omnium
353 1653 572 1726 expeditissimus.
592 1654 658 1709 Vid.
688 1654 722 1708 nd
809 1674 851 1709 ιο.
862 1658 954 1716 Aurem
966 1675 1022 1708 nou.
1036 1655 1111 1708 Aviti
1125 1654 1225 1708 scilicet
1236 1655 1286 1727 qui

210 1732 258 1787 lib.
281 1735 335 1799 tx,
356 1735 438 1804 epigr.
459 1752 547 1798 xxrrr,
565 1754 603 1788 rs.
625 1742 675 1800 14,
694 1748 721 1789 et
765 1736 942 1800 rerhanostru
950 1733 1286 1807 insidiosenonexciperet.

674 1897 825 1984 XXV.

547 2106 591 2149 ru
620 2073 946 2152 concursurum*

266 2255 382 2347 Quom
391 2277 474 2346 rogo
486 2267 519 2321 te
530 2278 685 2323 nummos
692 2256 763 2324 siue
777 2255 973 2350 pignore‚N
974 2281 1019 2324 on
1032 2255 1158 2340 habeo,
1167 2257 1288 2350 inquis.

320 2357 433 2445 Idem,
453 2360 480 2428 si
494 2384 624 2453 prome
639 2359 781 2454 spondet
796 2359 936 2456 ugellus,
952 2361 1065 2430 habes.

267 2464 368 2553 Quod
382 2463 465 2533 mihi
479 2490 547 2534 non
562 2466 668 2535 credis
687 2468 808 2554 veteri,
819 2467 1007 2554 Thclesine,
1024 2464 1144 2554 sodali,

324 2569 440 2639 Credis
456 2570 632 2658 colliculis,
648 2572 887 2666 arboribusque
904 2575 998 2641 meis.

268 2678 357 2746 Ecce
375 2702 467 2745 reum
486 2680 593 2746 Carus
614 2692 646 2747 te
665 2677 784 2748 detulit
799 2705 807 2746 ε
822 2678 908 2747 adsit
923 2678 1059 2773 agellus.
1278 2708 1291 2746 s

321 2781 435 2851 Exsilii
452 2785 608 2852 comitem
626 2783 766 2878 queris?
783 2783 908 2879 agellus
922 2798 984 2853 eet.

255 2939 268 2964 '
281 2947 478 3001 Freneretorem
486 2948 675 3015 Thelesinum,
685 2950 733 3021 qni
776 2950 889 3005 mitieno
900 2951 1047 3030 imperante
1056 2950 1292 3016 famosissimum

215 3025 284 3079 nihil
300 3028 388 3079 Poetre
398 3027 455 3081 sine
469 3029 582 3098 pignore
593 3027 733 3095 credebat,
777 3029 935 3083 Neronianis
951 3030 1117 3101 temporibus
1132 3029 1230 3100 Eprius
1244 3031 1292 3083 ille

216 3107 340 3178 exagitet.
351 3105 451 3161 Scribit
463 3108 539 3179 quusi
550 3110 643 3162 Romu
655 3121 732 3163 esset.
776 3109 934 3174 Marcellum
945 3108 979 3163 de
991 3128 1045 3180 quo
1056 3109 1193 3163 luvenalis
1204 3121 1253 3162 eat.
1263 3110 1292 3174 1,

216 3186 336 3239 liudem.
777 3207 817 3241 rs.
831 3190 878 3253 36,
889 3200 916 3240 et
926 3189 1029 3243 Plinius
1040 3189 1158 3243 cecilius
1169 3191 1229 3260 jun.
1242 3189 1291 3243 lib.

259 3265 732 3338 mSpondeeagellusQniecilicetpro·
776 3268 800 3332 1,
809 3268 886 3338 epist.
895 3267 1293 3339 v,3.-Adsitagellus.Tibiin

216 3346 261 3399 brt
273 3366 317 3399 me
328 3344 420 3398 debito
436 3357 483 3397 tuo
497 3346 690 3418 fecileparem,
706 3361 733 3402 et
774 3346 890 3419 judicio,
902 3366 1021 3400 caussam
1032 3360 1107 3400 tuam
1120 3360 1179 3419 egat
1190 3348 1292 3420 agellus

214 3443 277 3477 eum
291 3445 347 3480 esee
359 3425 409 3497 qui
417 3425 520 3478 solvere
536 3426 651 3496 possim3
664 3428 731 3480 etin
776 3445 865 3490 meru,
875 3427 919 3480 cui
930 3427 1012 3499 magis
1023 3426 1110 3482 credis
1120 3445 1201 3498 quern
1212 3426 1292 3482 mihi.

214 3522 294 3574 quem
304 3507 423 3576 irrogare
431 3505 514 3576 possis
523 3524 588 3576 quus
600 3525 671 3561 nunc
682 3526 730 3560 vo·
777 3506 911 3576 Scoptice.

213 3602 305 3638 amus
321 3584 488 3656 lypotlthues.
505 3587 557 3638 En.
816 3589 843 3639 6.
855 3586 962 3638 Exsilio.
971 3585 1164 3657 MS.inmarg.
1175 3583 1218 3639 ed.
1231 3588 1293 3641 Par.

253 3664 280 3717 3.
297 3664 389 3718 credo.
404 3662 437 3715 Id
450 3677 490 3718 est
501 3665 655 3718 committis.
779 3667 1017 3736 wip-Euda
1028 3671 1144 3719 comitem.
1160 3664 1195 3718 td
1208 3666 1294 3719 officii

251 3749 279 3807 4.
294 3743 389 3796 caute
403 3742 460 3796 MS.
472 3749 500 3798 in
510 3763 594 3817 marg.
609 3743 652 3801 ed.
667 3746 728 3799 Per.
774 3756 802 3798 et
810 3745 920 3800 honoris
927 3747 1015 3817 magni
1022 3747 1081 3800 loco
1091 3745 1157 3799 olim
1166 3747 1295 3799 censeba-

213 3825 298 3894 1617.
316 3822 401 3877 codic.
417 3821 478 3877 cod.
491 3825 595 3878 Bererl.
773 3837 831 3891 tur,
843 3826 1007 3880 exsulantem
1017 3837 1044 3879 et
1053 3826 1196 3898 profugum
1206 3828 1295 3897 petrin

250 3902 363 3956 &Reum
374 3923 445 3956 casus
454 3901 492 3956 id.
504 3903 598 3958 codex.
608 3904 729 3958 -Carus
772 3906 867 3976 procul
888 3906 972 3976 requi.
992 3937 1032 3947 -
1052 3906 1156 3976 Agellru
1166 3917 1215 3959 aar.
1229 3906 1295 3958 Non

208 3981 729 4052 'edomatceuuidicusetdelntonDo-
774 4001 842 4055 ogo,
858 3998 935 4040 vetus
950 3983 1056 4045 roduin.

77 4394 296 4512 h-
