2670 4808
316 368 761 437 Eptcaammarutt
787 369 884 436 LlB.
911 369 1001 436 XII.
1130 392 1176 464 ²7

223 499 360 569 Praetori
375 521 532 593 mappam
548 498 678 591 surpuit
692 500 931 591 Hermogenes.

176 605 335 676 Attulerat
348 628 504 700 mappam
520 629 637 691 nemo,
651 603 732 673 dum
747 603 837 673 furta
852 605 1033 673 timemur:

223 710 363 781 Mantile
382 736 401 780 e
419 734 533 780 mensa
549 713 679 806 surpuit
693 713 931 804 Hermogenes.

179 821 246 888 Hoc
260 842 394 912 quoque
412 819 439 886 si
454 816 574 900 deerit,
589 817 716 886 medios
731 816 915 913 discingere
929 815 1050 900 lectos,

224 925 484 1017 Mensarumque
498 921 599 1017 pedes
615 947 684 992 non
697 924 791 992 timet
805 925 1041 1016 Hermogenes.

177 1030 335 1120 Quamvis
354 1054 424 1099 non
440 1028 572 1098 modico
589 1028 719 1099 caleant
734 1026 923 1123 spectacula
938 1026 1030 1111 Sole,
1165 1049 1189 1088 ιε

225 1135 311 1206 Vela
325 1135 546 1218 reducuntur,
560 1159 664 1228 quum
681 1135 769 1202 venit
784 1136 1019 1229 Hermogenes.

179 1245 345 1317 Festinant
360 1239 483 1335 trepidi
499 1240 723 1334 substringere
739 1238 876 1309 carbasa
889 1254 1013 1325 nautae,

229 1349 281 1416 Ad
293 1361 428 1442 portum
446 1348 572 1441 quoties
589 1347 699 1440 paruit
717 1349 952 1440 Hermogenes.

178 1455 322 1548 Linigeri
339 1452 471 1547 fugiunt
485 1450 588 1539 calvi,
604 1454 799 1546 sistrataque
814 1451 927 1538 turba,

137 1702 190 1754 pore
205 1686 347 1758 mappario
362 1685 520 1740 mittendam
533 1685 637 1740 tradere
679 1705 730 1757 pte.
746 1710 757 1733 ι
772 1685 877 1738 Salmas.
886 1688 1059 1739 -Attulerat
1073 1705 1193 1757 mappam.

136 1779 257 1820 cursrent.
680 1765 792 1818 Mantile
808 1783 884 1828 sero,
897 1765 933 1818 air
948 1779 1041 1819 contra
1059 1765 1193 1833 liederus,

168 1846 331 1915 ro.Surpuit.
346 1845 409 1898 Non
427 1858 466 1898 est
479 1842 554 1915 quod
567 1843 637 1896 indi·
681 1845 794 1897 linteum
812 1844 910 1897 scilicet
927 1844 1059 1917 tergendis
1072 1846 1195 1900 manibus

134 1942 181 1978 cem
194 1925 322 1996 Syoopen
335 1924 379 1977 bic
388 1943 444 1978 esse
453 1943 505 1996 pro
514 1926 638 1994 surripuit.
682 1935 790 1993 aptum,
802 1941 817 1975 a
829 1923 999 1976 convivatore
1010 1925 1161 1996 parabatur.

169 2024 180 2058 1
190 2025 215 2059 ι.
229 2005 357 2056 Attulerat
368 2023 478 2075 mappam
490 2023 575 2066 nemo,
588 2016 637 2056 etc.
726 2001 768 2055 13.
780 2003 933 2071 Distriagere
943 2001 1008 2054 dant
1016 2001 1080 2056 edd.
1092 2016 1155 2056 vett.
1169 2015 1196 2057 et

132 2083 236 2156 llappas
246 2102 306 2136 suas
316 2081 350 2135 ad
361 2084 484 2137 convivia
492 2083 639 2136 asserebant
682 2080 780 2152 Delpb.
802 2082 955 2152 Ds'ffrs'agere
979 2082 1037 2135 MS·
1059 2082 1087 2135 in
1110 2101 1194 2155 marg.

131 2164 238 2235 singuli,
264 2163 373 2219 mantile
398 2162 554 2217 convivator
570 2181 639 2233 pras·
683 2161 822 2215 ed.Paris.
838 2166 920 2232 1617.
935 2163 1100 2233 «Dbeingere
1110 2160 1196 2216 edidit

130 2243 213 2297 lebat.
227 2243 303 2295 Inter
317 2261 427 2313 mappas
442 2242 514 2296 enim
529 2256 640 2296 etman·
683 2241 848 2295 Scriveriusr
861 2254 943 2295 recte.
961 2243 1064 2296 Tamen
1088 2241 1196 2296 damnat

129 2323 181 2376 tilia
195 2335 262 2379 tanc
280 2323 409 2391 temporis
423 2322 475 2375 boc
496 2321 639 2375 discrimen
685 2321 784 2392 Cuper.
800 2321 865 2375 Obs.
879 2323 929 2387 IV,
947 2324 980 2386 5,
994 2341 1124 2394 reponere
1139 2335 1198 2376 ten·

128 2403 292 2456 statuebatur
299 2418 307 2455 ε
314 2415 344 2456 ut
351 2403 460 2454 mantilia
471 2402 569 2456 mensis
578 2420 641 2472 ope·
683 2412 741 2454 tans
751 2400 906 2471 destringere.
919 2401 1026 2455 Nullam
1037 2420 1144 2456 cauum
1155 2403 1197 2455 vi·

128 2480 246 2547 riendis3
262 2501 355 2552 mappa
370 2482 493 2535 manibus
506 2479 640 2552 tergendis
684 2479 737 2533 deo
748 2498 797 2533 cur
808 2481 941 2550 discingere
951 2479 1089 2554 displiceat
1099 2482 1196 2536 adeo...

130 2579 204 2614 asum
220 2561 380 2632 praeberent.
393 2559 475 2626 Quod
488 2573 515 2614 et
530 2579 578 2613 nos
593 2561 642 2614 ho·
685 2557 769 2613 Vides
777 2560 1018 2630 discingeremoveri
1026 2581 1085 2614 nors
1093 2560 1198 2615 debuis-

129 2639 229 2695 diernis
247 2640 415 2712 temporibus
432 2641 492 2694 fieri
507 2641 641 2710 conspici·
686 2659 723 2692 se.
740 2665 750 2686 ι
765 2641 804 2691 De
821 2641 900 2712 Raoy.
914 2673 955 2683 —
968 2642 1119 2711 Dt'scbsgere.
1139 2641 1198 2694 Hoc

130 2719 267 2775 musssed
287 2720 344 2773 baec
367 2733 424 2773 erat
447 2739 497 2773 uos
521 2721 592 2772 inter
616 2731 644 2772 et
685 2731 740 2783 est,
753 2720 868 2791 stragula
883 2721 1029 2785 lectorum,
1041 2721 1141 2793 quibus
1153 2739 1199 2775 ac·

130 2801 265 2853 Romanos
275 2798 427 2854 differentia
438 2799 514 2872 quod
526 2799 645 2853 invenie·
686 2800 854 2866 cumbebant,
860 2800 1012 2870 subripere:
1019 2801 1063 2853 vel
1070 2800 1138 2853 forte
1144 2819 1199 2854 me·

130 2879 193 2933 bant
199 2878 311 2952 quidem
317 2878 388 2952 apud
400 2879 540 2933 dominum
552 2878 644 2932 conri·
686 2878 754 2944 lius,
767 2878 878 2932 laminas
898 2898 989 2933 aureas
1004 2879 1047 2932 rel
1064 2892 1199 2952 argenteas

130 2960 165 3013 sii
177 2978 299 3012 mensam
314 2959 417 3013 mantili
430 2960 584 3022 instratam3
596 2956 644 3012 sed
687 2959 764 3012 lectis
777 2957 916 3012 deradere.

132 3038 315 3110 unnsquisque
328 3058 450 3111 mappam
463 3057 538 3093 suam
551 3038 644 3091 sisere·
733 3045 777 3102 14.
800 3039 984 3110 Mensarumque
1003 3038 1085 3109 pedes.
1115 3038 1202 3091 Ebur·

131 3119 184 3172 bat.
201 3117 285 3184 Quod
301 3131 402 3172 constat
417 3119 458 3172 vel
473 3137 504 3171 ex
522 3118 574 3170 hoc
590 3116 646 3188 epi·
688 3136 753 3170 neos
766 3117 909 3184 nimirum3
921 3130 970 3171 aut
982 3119 1070 3190 potius
1082 3118 1200 3188 intellige

131 3209 279 3269 grammate
297 3197 427 3252 Martialis
446 3198 475 3251 in
499 3197 645 3269 Hermoge·
689 3198 723 3250 ab
737 3198 904 3269 Hermogene
928 3209 1063 3268 argenteas
1083 3198 1202 3250 bracteas

132 3295 194 3331 nem
214 3296 374 3349 mapparum
397 3296 523 3348 magnum
549 3277 645 3331 iurem.
689 3296 839 3333 mensarum
852 3277 965 3349 pedibus
981 3275 1085 3330 derasas
1103 3275 1200 3341 inisse,

132 3355 257 3423 Quodam
270 3376 334 3428 ergo
343 3356 402 3423 die,
414 3376 498 3429 quum
512 3356 579 3410 iuris
590 3375 647 3409 me·
689 3357 737 3411 lib.
747 3357 829 3421 VIII,
842 3357 925 3428 epigr.
941 3375 1045 3419 xxxrrs,
1059 3374 1099 3408 vs.
1114 3359 1140 3408 6.

133 3448 161 3489 tn
179 3455 261 3490 nemo
281 3455 312 3490 ex
334 3437 455 3491 convivis
472 3455 594 3509 mappam
612 3434 647 3488 ad
735 3435 779 3488 15.
809 3437 959 3507 Spectacula.
983 3435 1149 3506 spectatores
1173 3434 1201 3486 in

133 3516 162 3570 id
184 3517 339 3570 convivium
363 3517 508 3582 attulisset,
533 3516 576 3569 cui
601 3515 647 3568 ille
692 3515 809 3568 theatris.

135 3595 250 3649 debebat
262 3597 402 3658 interesse,
415 3615 499 3668 quum
507 3596 574 3653 nibil
585 3614 647 3666 pos·
735 3598 779 3647 16.
790 3594 853 3647 Vela
861 3593 1013 3646 reducuntur.
1022 3594 1082 3648 Lib.
1089 3595 1145 3658 lx,
1159 3613 1202 3665 ep.

135 3690 172 3730 set
192 3694 351 3748 mapparum
371 3679 522 3748 surripere,
539 3675 647 3728 mantile
691 3674 1204 3746 ussup.6.Velaautemcolligebantur

135 3756 221 3827 ipsum
233 3756 336 3809 iuratus
350 3769 403 3822 est,
416 3775 471 3828 quo
482 3774 576 3811 mensa
589 3766 645 3807 erat
693 3771 729 3806 ne
744 3755 777 3806 ab
793 3753 958 3824 Hermogene
973 3755 1180 3826 surriperentur.

136 3835 254 3888 instrata.
266 3835 338 3888 Hinc
351 3855 443 3906 mappa
455 3836 547 3898 breves,
558 3832 646 3887 eidem
737 3834 782 3886 18.
791 3834 881 3884 Paruit
890 3834 1060 3904 Hermogenes.
1069 3834 1102 3886 H.
1113 3852 1136 3887 e.
1149 3837 1205 3905 ap-

136 3914 250 3973 Munati
284 3919 425 3977 ladarsar'se
453 3915 645 3986 appellantur:
693 3914 791 3985 paruit.
800 3911 956 3966 Notandum
965 3932 1073 3984 prorsas
1082 3914 1202 3966 verbum.

141 3994 189 4049 ·Et
199 3995 259 4050 rani
272 3994 409 4066 triplices,
419 3996 566 4065 brevesque
578 4012 651 4064 snsp-
740 4011 782 4063 ¹9·
800 3994 917 4063 Lt'aigen'.
932 3992 1010 4048 Isidis
1022 3993 1068 4048 bic
1082 3992 1206 4048 sacerdo·
