<?xml version="1.0" encoding="UTF-8"?>
<!DOCTYPE html PUBLIC "-//W3C//DTD XHTML 1.0 Transitional//EN"
    "http://www.w3.org/TR/xhtml1/DTD/xhtml1-transitional.dtd">
<html xmlns="http://www.w3.org/1999/xhtml" xml:lang="en" lang="en">
 <head>
  <title>
</title>
<meta http-equiv="Content-Type" content="text/html;charset=utf-8" />
  <meta name='ocr-system' content='tesseract 3.04.00' />
  <meta name='ocr-capabilities' content='ocr_page ocr_carea ocr_par ocr_line ocrx_word'/>
</head>
<body>
  <div class='ocr_page' id='page_1' title='image "bibliothecaclas66lemagoog_0023.png"; bbox 0 0 2670 4808; ppageno 0'>
   <div class='ocr_carea' id='block_1_1' title="bbox 78 304 871 381">
    <p class='ocr_par' dir='ltr' id='par_1_1' title="bbox 78 304 871 381">
     <span class='ocr_line' id='line_1_1' title="bbox 78 304 871 381; baseline 0.006 -10"><span class='ocrx_word' id='word_1_1' title='bbox 78 308 109 381; x_wconf 76' lang='lat' dir='ltr'><strong>.ss</strong></span> <span class='ocrx_word' id='word_1_2' title='bbox 369 306 418 373; x_wconf 85' lang='lat' dir='ltr'><strong>M.</strong></span> <span class='ocrx_word' id='word_1_3' title='bbox 436 306 544 374; x_wconf 81' lang='lat' dir='ltr'><strong>VAL.</strong></span> <span class='ocrx_word' id='word_1_4' title='bbox 573 304 871 376; x_wconf 79' lang='lat' dir='ltr'>MARTIALIS</span> 
     </span>
    </p>
   </div>
   <div class='ocr_carea' id='block_1_2' title="bbox 139 435 1164 1599">
    <p class='ocr_par' dir='ltr' id='par_1_2' title="bbox 139 435 1164 1599">
     <span class='ocr_line' id='line_1_2' title="bbox 193 435 889 512; baseline -0.001 -4"><span class='ocrx_word' id='word_1_5' title='bbox 193 439 307 508; x_wconf 86' lang='lat' dir='ltr'><strong>Nerva</strong></span> <span class='ocrx_word' id='word_1_6' title='bbox 321 464 329 507; x_wconf 93' lang='lat'><strong>:</strong></span> <span class='ocrx_word' id='word_1_7' title='bbox 341 435 419 508; x_wconf 92' lang='lat' dir='ltr'><strong>licet</strong></span> <span class='ocrx_word' id='word_1_8' title='bbox 439 452 510 509; x_wconf 88' lang='lat' dir='ltr'><strong>toto</strong></span> <span class='ocrx_word' id='word_1_9' title='bbox 528 463 619 510; x_wconf 90' lang='lat' dir='ltr'><strong>nunc</strong></span> <span class='ocrx_word' id='word_1_10' title='bbox 637 438 796 512; x_wconf 79' lang='lat' dir='ltr'><strong>Helicone</strong></span> <span class='ocrx_word' id='word_1_11' title='bbox 815 439 889 509; x_wconf 85' lang='lat' dir='ltr'><strong>frui.</strong></span> 
     </span>
     <span class='ocr_line' id='line_1_3' title="bbox 139 543 1012 635; baseline -0.002 -18"><span class='ocrx_word' id='word_1_12' title='bbox 139 548 247 617; x_wconf 84' lang='lat' dir='ltr'><strong>Recta</strong></span> <span class='ocrx_word' id='word_1_13' title='bbox 260 543 378 635; x_wconf 82' lang='lat' dir='ltr'>Fides,</span> <span class='ocrx_word' id='word_1_14' title='bbox 393 543 508 617; x_wconf 83' lang='lat' dir='ltr'><strong>hilaris</strong></span> <span class='ocrx_word' id='word_1_15' title='bbox 525 544 728 634; x_wconf 86' lang='lat' dir='ltr'><strong>Clementia,</strong></span> <span class='ocrx_word' id='word_1_16' title='bbox 746 560 845 618; x_wconf 87' lang='lat' dir='ltr'><strong>cauta</strong></span> <span class='ocrx_word' id='word_1_17' title='bbox 862 548 1012 615; x_wconf 79' lang='lat' dir='ltr'><strong>Potestas</strong></span> 
     </span>
     <span class='ocr_line' id='line_1_4' title="bbox 191 648 945 749; baseline -0.003 -27"><span class='ocrx_word' id='word_1_18' title='bbox 191 656 265 723; x_wconf 86' lang='lat' dir='ltr'><strong>Jam</strong></span> <span class='ocrx_word' id='word_1_19' title='bbox 284 650 425 723; x_wconf 86' lang='lat' dir='ltr'><strong>redeunt</strong></span> <span class='ocrx_word' id='word_1_20' title='bbox 439 678 448 722; x_wconf 78' lang='grc' dir='ltr'>ι</span> <span class='ocrx_word' id='word_1_21' title='bbox 462 648 555 748; x_wconf 81' lang='lat' dir='ltr'><strong>longi</strong></span> <span class='ocrx_word' id='word_1_22' title='bbox 573 665 666 749; x_wconf 83' lang='lat' dir='ltr'><strong>terga</strong></span> <span class='ocrx_word' id='word_1_23' title='bbox 683 653 805 723; x_wconf 86' lang='lat' dir='ltr'><strong>dedere</strong></span> <span class='ocrx_word' id='word_1_24' title='bbox 822 654 945 722; x_wconf 88' lang='lat' dir='ltr'><strong>Metus.</strong></span> 
     </span>
     <span class='ocr_line' id='line_1_5' title="bbox 142 757 1164 857; baseline -0.007 -26"><span class='ocrx_word' id='word_1_25' title='bbox 142 762 217 831; x_wconf 89' lang='lat' dir='ltr'><strong>Hoc</strong></span> <span class='ocrx_word' id='word_1_26' title='bbox 232 757 366 857; x_wconf 88' lang='lat' dir='ltr'><strong>populi,</strong></span> <span class='ocrx_word' id='word_1_27' title='bbox 383 772 564 854; x_wconf 81' lang='lat' dir='ltr'><strong>gentesque</strong></span> <span class='ocrx_word' id='word_1_28' title='bbox 578 774 663 848; x_wconf 76' lang='lat' dir='ltr'><strong>tuas,</strong></span> <span class='ocrx_word' id='word_1_29' title='bbox 678 761 733 855; x_wconf 93' lang='lat' dir='ltr'><strong>pia</strong></span> <span class='ocrx_word' id='word_1_30' title='bbox 750 762 874 848; x_wconf 84' lang='lat' dir='ltr'><strong>Roma,</strong></span> <span class='ocrx_word' id='word_1_31' title='bbox 891 770 1089 855; x_wconf 88' lang='lat' dir='ltr'><strong>precantur;</strong></span> <span class='ocrx_word' id='word_1_32' title='bbox 1151 785 1164 824; x_wconf 75' lang='grc' dir='ltr'>ε</span> 
     </span>
     <span class='ocr_line' id='line_1_6' title="bbox 196 864 1129 960; baseline -0.001 -25"><span class='ocrx_word' id='word_1_33' title='bbox 196 868 277 935; x_wconf 86' lang='lat' dir='ltr'><strong>Dux</strong></span> <span class='ocrx_word' id='word_1_34' title='bbox 292 865 352 936; x_wconf 91' lang='lat' dir='ltr'><strong>tibi</strong></span> <span class='ocrx_word' id='word_1_35' title='bbox 368 866 412 935; x_wconf 90' lang='lat' dir='ltr'><strong>sit</strong></span> <span class='ocrx_word' id='word_1_36' title='bbox 429 888 561 960; x_wconf 87' lang='lat' dir='ltr'><strong>semper</strong></span> <span class='ocrx_word' id='word_1_37' title='bbox 575 864 669 955; x_wconf 90' lang='lat' dir='ltr'><strong>talis,</strong></span> <span class='ocrx_word' id='word_1_38' title='bbox 687 880 721 937; x_wconf 85' lang='lat' dir='ltr'><strong>et</strong></span> <span class='ocrx_word' id='word_1_39' title='bbox 735 867 796 937; x_wconf 87' lang='lat' dir='ltr'><strong>iste</strong></span> <span class='ocrx_word' id='word_1_40' title='bbox 812 865 879 935; x_wconf 90' lang='lat' dir='ltr'><strong>diu.</strong></span> <span class='ocrx_word' id='word_1_41' title='bbox 1126 884 1129 889; x_wconf 78' lang='lat'><strong>·</strong></span> 
     </span>
     <span class='ocr_line' id='line_1_7' title="bbox 142 971 1147 1067; baseline -0.003 -27"><span class='ocrx_word' id='word_1_42' title='bbox 142 973 254 1042; x_wconf 87' lang='lat' dir='ltr'><strong>Macte</strong></span> <span class='ocrx_word' id='word_1_43' title='bbox 272 971 393 1058; x_wconf 91' lang='lat' dir='ltr'><strong>animi,</strong></span> <span class='ocrx_word' id='word_1_44' title='bbox 406 997 505 1067; x_wconf 89' lang='lat' dir='ltr'><strong>quem</strong></span> <span class='ocrx_word' id='word_1_45' title='bbox 525 996 620 1043; x_wconf 87' lang='lat' dir='ltr'><strong>rarus</strong></span> <span class='ocrx_word' id='word_1_46' title='bbox 635 973 758 1061; x_wconf 85' lang='lat' dir='ltr'><strong>habet,</strong></span> <span class='ocrx_word' id='word_1_47' title='bbox 775 995 974 1066; x_wconf 88' lang='lat' dir='ltr'><strong>morumque</strong></span> <span class='ocrx_word' id='word_1_48' title='bbox 989 984 1147 1059; x_wconf 87' lang='lat' dir='ltr'><strong>tuorum,</strong></span> 
     </span>
     <span class='ocr_line' id='line_1_8' title="bbox 196 1077 1068 1175; baseline -0.002 -28"><span class='ocrx_word' id='word_1_49' title='bbox 196 1080 293 1167; x_wconf 86' lang='lat' dir='ltr'><strong>Quos</strong></span> <span class='ocrx_word' id='word_1_50' title='bbox 310 1080 443 1167; x_wconf 87' lang='lat' dir='ltr'><strong>Numa,</strong></span> <span class='ocrx_word' id='word_1_51' title='bbox 460 1103 544 1173; x_wconf 87' lang='lat' dir='ltr'><strong>quos</strong></span> <span class='ocrx_word' id='word_1_52' title='bbox 560 1077 675 1150; x_wconf 88' lang='lat' dir='ltr'><strong>hilaris</strong></span> <span class='ocrx_word' id='word_1_53' title='bbox 695 1094 809 1175; x_wconf 85' lang='lat' dir='ltr'><strong>posset</strong></span> <span class='ocrx_word' id='word_1_54' title='bbox 829 1077 953 1148; x_wconf 87' lang='lat' dir='ltr'><strong>habere</strong></span> <span class='ocrx_word' id='word_1_55' title='bbox 972 1078 1068 1148; x_wconf 86' lang='lat' dir='ltr'><strong>Cato.</strong></span> 
     </span>
     <span class='ocr_line' id='line_1_9' title="bbox 144 1184 985 1279; baseline -0.002 -23"><span class='ocrx_word' id='word_1_56' title='bbox 144 1186 295 1279; x_wconf 80' lang='lat' dir='ltr'><strong>Largiri,</strong></span> <span class='ocrx_word' id='word_1_57' title='bbox 316 1200 494 1279; x_wconf 73' lang='lat' dir='ltr'><strong>prestare,</strong></span> <span class='ocrx_word' id='word_1_58' title='bbox 515 1184 634 1255; x_wconf 83' lang='lat' dir='ltr'><strong>breves</strong></span> <span class='ocrx_word' id='word_1_59' title='bbox 650 1186 829 1256; x_wconf 85' lang='lat' dir='ltr'><strong>extendere</strong></span> <span class='ocrx_word' id='word_1_60' title='bbox 848 1209 985 1273; x_wconf 89' lang='lat' dir='ltr'><strong>census,</strong></span> 
     </span>
     <span class='ocr_line' id='line_1_10' title="bbox 198 1291 938 1387; baseline 0 -27"><span class='ocrx_word' id='word_1_61' title='bbox 198 1294 243 1361; x_wconf 83' lang='lat' dir='ltr'><strong>Et</strong></span> <span class='ocrx_word' id='word_1_62' title='bbox 264 1291 364 1379; x_wconf 91' lang='lat' dir='ltr'><strong>dare,</strong></span> <span class='ocrx_word' id='word_1_63' title='bbox 385 1316 459 1387; x_wconf 71' lang='lat' dir='ltr'><strong>quie</strong></span> <span class='ocrx_word' id='word_1_64' title='bbox 477 1291 588 1361; x_wconf 80' lang='lat' dir='ltr'><strong>faciles</strong></span> <span class='ocrx_word' id='word_1_65' title='bbox 613 1293 665 1362; x_wconf 86' lang='lat' dir='ltr'><strong>vix</strong></span> <span class='ocrx_word' id='word_1_66' title='bbox 687 1294 832 1362; x_wconf 88' lang='lat' dir='ltr'><strong>tribuere</strong></span> <span class='ocrx_word' id='word_1_67' title='bbox 853 1293 938 1377; x_wconf 90' lang='lat' dir='ltr'><strong>Dei,</strong></span> 
     </span>
     <span class='ocr_line' id='line_1_11' title="bbox 146 1396 1074 1494; baseline -0.003 -25"><span class='ocrx_word' id='word_1_68' title='bbox 146 1401 247 1469; x_wconf 88' lang='lat' dir='ltr'><strong>Nunc</strong></span> <span class='ocrx_word' id='word_1_69' title='bbox 264 1396 360 1484; x_wconf 86' lang='lat' dir='ltr'><strong>licet,</strong></span> <span class='ocrx_word' id='word_1_70' title='bbox 377 1412 411 1466; x_wconf 92' lang='lat' dir='ltr'><strong>et</strong></span> <span class='ocrx_word' id='word_1_71' title='bbox 425 1398 475 1467; x_wconf 84' lang='lat' dir='ltr'><strong>fas</strong></span> <span class='ocrx_word' id='word_1_72' title='bbox 493 1412 566 1467; x_wconf 90' lang='lat' dir='ltr'><strong>est:</strong></span> <span class='ocrx_word' id='word_1_73' title='bbox 583 1398 643 1468; x_wconf 88' lang='lat' dir='ltr'><strong>sed</strong></span> <span class='ocrx_word' id='word_1_74' title='bbox 659 1414 696 1469; x_wconf 90' lang='lat' dir='ltr'><strong>tu</strong></span> <span class='ocrx_word' id='word_1_75' title='bbox 715 1399 777 1468; x_wconf 90' lang='lat' dir='ltr'><strong>sub</strong></span> <span class='ocrx_word' id='word_1_76' title='bbox 797 1397 946 1494; x_wconf 87' lang='lat' dir='ltr'><strong>principe</strong></span> <span class='ocrx_word' id='word_1_77' title='bbox 965 1396 1074 1484; x_wconf 89' lang='lat' dir='ltr'><strong>duro,</strong></span> 
     </span>
     <span class='ocr_line' id='line_1_12' title="bbox 199 1503 1014 1599; baseline 0 -27"><span class='ocrx_word' id='word_1_78' title='bbox 199 1504 484 1599; x_wconf 88' lang='lat' dir='ltr'><strong>Temporibusque</strong></span> <span class='ocrx_word' id='word_1_79' title='bbox 502 1503 618 1594; x_wconf 90' lang='lat' dir='ltr'><strong>malis,</strong></span> <span class='ocrx_word' id='word_1_80' title='bbox 636 1529 736 1576; x_wconf 92' lang='lat' dir='ltr'><strong>ausus</strong></span> <span class='ocrx_word' id='word_1_81' title='bbox 754 1528 789 1574; x_wconf 90' lang='lat' dir='ltr'><strong>es</strong></span> <span class='ocrx_word' id='word_1_82' title='bbox 807 1528 878 1574; x_wconf 86' lang='lat' dir='ltr'><strong>esse</strong></span> <span class='ocrx_word' id='word_1_83' title='bbox 896 1503 1014 1573; x_wconf 91' lang='lat' dir='ltr'><strong>bonus.</strong></span> 
     </span>
    </p>
   </div>
   <div class='ocr_carea' id='block_1_3' title="bbox 149 1699 1054 2336">
    <p class='ocr_par' dir='ltr' id='par_1_3' title="bbox 149 1699 1054 2336">
     <span class='ocr_line' id='line_1_13' title="bbox 201 1699 884 1807; baseline 0 -26"><span class='ocrx_word' id='word_1_84' title='bbox 201 1707 330 1792; x_wconf 65' lang='lat' dir='ltr'><strong>AtEcr’·</strong></span> <span class='ocrx_word' id='word_1_85' title='bbox 352 1714 532 1807; x_wconf 80' lang='grc' dir='ltr'>ἐπαόροιμεν</span> <span class='ocrx_word' id='word_1_86' title='bbox 553 1724 603 1781; x_wconf 82' lang='grc' dir='ltr'><strong>νῦν</strong></span> <span class='ocrx_word' id='word_1_87' title='bbox 623 1699 777 1794; x_wconf 66' lang='grc' dir='ltr'>Ἑλικῶνος</span> <span class='ocrx_word' id='word_1_88' title='bbox 796 1717 884 1783; x_wconf 84' lang='grc' dir='ltr'><strong>ὅλου.</strong></span> 
     </span>
     <span class='ocr_line' id='line_1_14' title="bbox 149 1798 1054 1916; baseline -0.001 -27"><span class='ocrx_word' id='word_1_89' title='bbox 149 1798 217 1895; x_wconf 68' lang='lat' dir='ltr'><strong>lita</strong></span> <span class='ocrx_word' id='word_1_90' title='bbox 236 1817 402 1905; x_wconf 77' lang='grc' dir='ltr'>ἄπλαστοι,</span> <span class='ocrx_word' id='word_1_91' title='bbox 422 1820 564 1914; x_wconf 81' lang='grc' dir='ltr'>φρόνημα</span> <span class='ocrx_word' id='word_1_92' title='bbox 579 1821 746 1915; x_wconf 80' lang='grc' dir='ltr'>προσηνὲς,</span> <span class='ocrx_word' id='word_1_93' title='bbox 763 1823 959 1916; x_wconf 73' lang='grc' dir='ltr'>ἀπρόσκοπος</span> <span class='ocrx_word' id='word_1_94' title='bbox 977 1822 1054 1914; x_wconf 82' lang='grc' dir='ltr'><strong>ἄρχὴ</strong></span> 
     </span>
     <span class='ocr_line' id='line_1_15' title="bbox 202 1919 941 2023; baseline 0.003 -32"><span class='ocrx_word' id='word_1_95' title='bbox 202 1922 295 2005; x_wconf 82' lang='grc' dir='ltr'>Αὖθις</span> <span class='ocrx_word' id='word_1_96' title='bbox 315 1926 437 1994; x_wconf 83' lang='grc' dir='ltr'>ἵκοντο·</span> <span class='ocrx_word' id='word_1_97' title='bbox 459 1921 554 2018; x_wconf 68' lang='grc' dir='ltr'>ρόᾶος</span> <span class='ocrx_word' id='word_1_98' title='bbox 572 1932 633 2007; x_wconf 78' lang='grc' dir='ltr'><strong>πῖις</strong></span> <span class='ocrx_word' id='word_1_99' title='bbox 649 1919 767 2023; x_wconf 72' lang='grc' dir='ltr'>φυγάδε</span> <span class='ocrx_word' id='word_1_100' title='bbox 784 1932 941 2023; x_wconf 80' lang='grc' dir='ltr'>τρέπεται.</span> 
     </span>
     <span class='ocr_line' id='line_1_16' title="bbox 151 2013 980 2124; baseline -0.001 -24"><span class='ocrx_word' id='word_1_101' title='bbox 151 2013 247 2111; x_wconf 62' lang='lat' dir='ltr'><strong>titum</strong></span> <span class='ocrx_word' id='word_1_102' title='bbox 264 2031 364 2112; x_wconf 89' lang='grc' dir='ltr'>ἄπαν,</span> <span class='ocrx_word' id='word_1_103' title='bbox 386 2016 502 2124; x_wconf 68' lang='grc' dir='ltr'>Ριόμκ,</span> <span class='ocrx_word' id='word_1_104' title='bbox 518 2036 587 2100; x_wconf 86' lang='grc' dir='ltr'>τεὸν</span> <span class='ocrx_word' id='word_1_105' title='bbox 607 2035 748 2124; x_wconf 80' lang='grc' dir='ltr'>εὔχεται,</span> <span class='ocrx_word' id='word_1_106' title='bbox 769 2033 832 2101; x_wconf 75' lang='grc' dir='ltr'>αἰὲν</span> <span class='ocrx_word' id='word_1_107' title='bbox 848 2030 980 2111; x_wconf 83' lang='grc' dir='ltr'>ἄνακτος</span> 
     </span>
     <span class='ocr_line' id='line_1_17' title="bbox 203 2130 906 2234; baseline 0.001 -29"><span class='ocrx_word' id='word_1_108' title='bbox 203 2140 353 2205; x_wconf 75' lang='grc' dir='ltr'>Τοιούτου</span> <span class='ocrx_word' id='word_1_109' title='bbox 372 2163 405 2204; x_wconf 79' lang='grc' dir='ltr'>σε</span> <span class='ocrx_word' id='word_1_110' title='bbox 423 2144 543 2229; x_wconf 82' lang='grc' dir='ltr'>τυχεῖν,</span> <span class='ocrx_word' id='word_1_111' title='bbox 564 2146 621 2205; x_wconf 78' lang='grc' dir='ltr'>τοῦ</span> <span class='ocrx_word' id='word_1_112' title='bbox 639 2130 675 2211; x_wconf 75' lang='grc' dir='ltr'><strong>δὲ</strong></span> <span class='ocrx_word' id='word_1_113' title='bbox 694 2138 906 2234; x_wconf 89' lang='grc' dir='ltr'>πολυχρονίου.</span> 
     </span>
     <span class='ocr_line' id='line_1_18' title="bbox 153 2222 934 2336; baseline 0 -25"><span class='ocrx_word' id='word_1_114' title='bbox 153 2222 287 2330; x_wconf 74' lang='grc' dir='ltr'>ὁλόιος,</span> <span class='ocrx_word' id='word_1_115' title='bbox 304 2240 340 2322; x_wconf 70' lang='grc' dir='ltr'><strong>ἧς</strong></span> <span class='ocrx_word' id='word_1_116' title='bbox 359 2250 472 2335; x_wconf 77' lang='grc' dir='ltr'>παῦροι</span> <span class='ocrx_word' id='word_1_117' title='bbox 492 2244 585 2336; x_wconf 76' lang='grc' dir='ltr'>τύχον</span> <span class='ocrx_word' id='word_1_118' title='bbox 603 2237 695 2330; x_wconf 72' lang='grc' dir='ltr'>ἄξιος,</span> <span class='ocrx_word' id='word_1_119' title='bbox 715 2239 820 2324; x_wconf 73' lang='grc' dir='ltr'>ὄλᾶιος</span> <span class='ocrx_word' id='word_1_120' title='bbox 839 2245 934 2329; x_wconf 81' lang='grc' dir='ltr'>ἠθῶν,</span> 
     </span>
    </p>
   </div>
   <div class='ocr_carea' id='block_1_4' title="bbox 157 2343 982 2873">
    <p class='ocr_par' dir='ltr' id='par_1_4' title="bbox 157 2343 971 2553">
     <span class='ocr_line' id='line_1_19' title="bbox 207 2343 909 2443; baseline 0.006 -28"><span class='ocrx_word' id='word_1_121' title='bbox 207 2343 269 2416; x_wconf 73' lang='lat' dir='ltr'><strong>ota</strong></span> <span class='ocrx_word' id='word_1_122' title='bbox 286 2351 396 2443; x_wconf 78' lang='grc' dir='ltr'>Νομᾶς</span> <span class='ocrx_word' id='word_1_123' title='bbox 416 2343 452 2415; x_wconf 86' lang='grc' dir='ltr'><strong>ἄν</strong></span> <span class='ocrx_word' id='word_1_124' title='bbox 470 2348 548 2441; x_wconf 75' lang='grc' dir='ltr'>ἔχειν</span> <span class='ocrx_word' id='word_1_125' title='bbox 567 2350 690 2432; x_wconf 80' lang='grc' dir='ltr'>ἤθελεν,</span> <span class='ocrx_word' id='word_1_126' title='bbox 715 2345 765 2419; x_wconf 69' lang='grc' dir='ltr'><strong>υἷα</strong></span> <span class='ocrx_word' id='word_1_127' title='bbox 782 2352 909 2419; x_wconf 82' lang='grc' dir='ltr'>Κᾶτων.</span> 
     </span>
     <span class='ocr_line' id='line_1_20' title="bbox 157 2448 971 2553; baseline 0.006 -30"><span class='ocrx_word' id='word_1_128' title='bbox 157 2454 342 2549; x_wconf 82' lang='grc' dir='ltr'>Δωρεῖσθαι,</span> <span class='ocrx_word' id='word_1_129' title='bbox 361 2455 509 2550; x_wconf 76' lang='grc' dir='ltr'>προέμεν,</span> <span class='ocrx_word' id='word_1_130' title='bbox 527 2448 698 2537; x_wconf 71' lang='grc' dir='ltr'>πλουτῖζειν</span> <span class='ocrx_word' id='word_1_131' title='bbox 716 2449 816 2553; x_wconf 76' lang='grc' dir='ltr'>ἄνδρα</span> <span class='ocrx_word' id='word_1_132' title='bbox 834 2459 971 2541; x_wconf 77' lang='grc' dir='ltr'>πένητα,</span> 
     </span>
    </p>

    <p class='ocr_par' dir='ltr' id='par_1_5' title="bbox 157 2553 966 2766">
     <span class='ocr_line' id='line_1_21' title="bbox 207 2553 931 2657; baseline 0.006 -28"><span class='ocrx_word' id='word_1_133' title='bbox 207 2561 276 2633; x_wconf 82' lang='grc' dir='ltr'><strong>Καὶ</strong></span> <span class='ocrx_word' id='word_1_134' title='bbox 296 2553 406 2656; x_wconf 77' lang='grc' dir='ltr'>δόμεν,</span> <span class='ocrx_word' id='word_1_135' title='bbox 427 2556 465 2630; x_wconf 71' lang='grc' dir='ltr'><strong>οῖ’</strong></span> <span class='ocrx_word' id='word_1_136' title='bbox 486 2562 574 2635; x_wconf 80' lang='grc' dir='ltr'>αὐτοὶ</span> <span class='ocrx_word' id='word_1_137' title='bbox 593 2565 634 2657; x_wconf 78' lang='grc' dir='ltr'><strong>μὴ</strong></span> <span class='ocrx_word' id='word_1_138' title='bbox 654 2563 833 2657; x_wconf 84' lang='grc' dir='ltr'>χαρίσαιντο</span> <span class='ocrx_word' id='word_1_139' title='bbox 853 2565 931 2652; x_wconf 88' lang='grc' dir='ltr'>θεοί,</span> 
     </span>
     <span class='ocr_line' id='line_1_22' title="bbox 157 2661 966 2766; baseline 0.002 -30"><span class='ocrx_word' id='word_1_140' title='bbox 157 2671 224 2740; x_wconf 84' lang='grc' dir='ltr'><strong>Νῦν</strong></span> <span class='ocrx_word' id='word_1_141' title='bbox 243 2667 287 2742; x_wconf 84' lang='grc' dir='ltr'>εἴη</span> <span class='ocrx_word' id='word_1_142' title='bbox 310 2667 448 2762; x_wconf 85' lang='grc' dir='ltr'>θεμιτόν·</span> <span class='ocrx_word' id='word_1_143' title='bbox 471 2670 508 2735; x_wconf 84' lang='grc' dir='ltr'><strong>σὺ</strong></span> <span class='ocrx_word' id='word_1_144' title='bbox 530 2661 561 2735; x_wconf 77' lang='grc' dir='ltr'><strong>δ’</strong></span> <span class='ocrx_word' id='word_1_145' title='bbox 579 2668 630 2737; x_wconf 72' lang='grc' dir='ltr'><strong>ἐπὶ</strong></span> <span class='ocrx_word' id='word_1_146' title='bbox 649 2677 783 2766; x_wconf 81' lang='grc' dir='ltr'>σκληροῦ</span> <span class='ocrx_word' id='word_1_147' title='bbox 802 2674 966 2756; x_wconf 79' lang='grc' dir='ltr'>βασιλῆος,</span> 
     </span>
    </p>

    <p class='ocr_par' dir='ltr' id='par_1_6' title="bbox 210 2764 982 2873">
     <span class='ocr_line' id='line_1_23' title="bbox 210 2764 982 2873; baseline 0.001 -30"><span class='ocrx_word' id='word_1_148' title='bbox 210 2764 375 2869; x_wconf 81' lang='grc' dir='ltr'>Ᾱργαλόων</span> <span class='ocrx_word' id='word_1_149' title='bbox 392 2800 428 2841; x_wconf 84' lang='grc' dir='ltr'><strong>τε</strong></span> <span class='ocrx_word' id='word_1_150' title='bbox 447 2776 578 2869; x_wconf 75' lang='grc' dir='ltr'>χρόνων,</span> <span class='ocrx_word' id='word_1_151' title='bbox 596 2768 685 2857; x_wconf 64' lang='grc' dir='ltr'>ζῆσαι</span> <span class='ocrx_word' id='word_1_152' title='bbox 702 2774 865 2873; x_wconf 80' lang='grc' dir='ltr'>ἄμεμπτος</span> <span class='ocrx_word' id='word_1_153' title='bbox 881 2778 982 2856; x_wconf 76' lang='grc' dir='ltr'>ἔτλης.</span> 
     </span>
    </p>
   </div>
   <div class='ocr_carea' id='block_1_5' title="bbox 40 3009 1188 4045">
    <p class='ocr_par' dir='ltr' id='par_1_7' title="bbox 40 3009 1188 4045">
     <span class='ocr_line' id='line_1_24' title="bbox 154 3009 1183 3085; baseline -0.003 -19"><span class='ocrx_word' id='word_1_154' title='bbox 154 3031 180 3066; x_wconf 79' lang='lat' dir='ltr'><strong>s.</strong></span> <span class='ocrx_word' id='word_1_155' title='bbox 199 3012 290 3065; x_wconf 78' lang='lat' dir='ltr'><strong>Nersa.</strong></span> <span class='ocrx_word' id='word_1_156' title='bbox 308 3012 349 3064; x_wconf 88' lang='lat' dir='ltr'><strong>De</strong></span> <span class='ocrx_word' id='word_1_157' title='bbox 365 3012 482 3083; x_wconf 78' lang='lat' dir='ltr'><strong>Trojano</strong></span> <span class='ocrx_word' id='word_1_158' title='bbox 498 3011 551 3066; x_wconf 92' lang='lat' dir='ltr'><strong>hoc</strong></span> <span class='ocrx_word' id='word_1_159' title='bbox 566 3013 624 3085; x_wconf 84' lang='lat' dir='ltr'><strong>epi·</strong></span> <span class='ocrx_word' id='word_1_160' title='bbox 710 3033 737 3085; x_wconf 84' lang='lat'><strong>7.</strong></span> <span class='ocrx_word' id='word_1_161' title='bbox 752 3012 845 3068; x_wconf 80' lang='lat' dir='ltr'><strong>Macte,</strong></span> <span class='ocrx_word' id='word_1_162' title='bbox 858 3009 1041 3066; x_wconf 83' lang='lat' dir='ltr'><strong>Dividendum</strong></span> <span class='ocrx_word' id='word_1_163' title='bbox 1054 3010 1107 3065; x_wconf 90' lang='lat' dir='ltr'><strong>hoc</strong></span> <span class='ocrx_word' id='word_1_164' title='bbox 1123 3011 1183 3082; x_wconf 84' lang='lat' dir='ltr'><strong>epi·</strong></span> 
     </span>
     <span class='ocr_line' id='line_1_25' title="bbox 40 3089 1184 3166; baseline -0.002 -19"><span class='ocrx_word' id='word_1_165' title='bbox 40 3140 47 3147; x_wconf 97' lang='lat'>.</span> <span class='ocrx_word' id='word_1_166' title='bbox 113 3110 232 3165; x_wconf 55' lang='lat' dir='ltr'><strong>mumma</strong></span> <span class='ocrx_word' id='word_1_167' title='bbox 245 3104 271 3146; x_wconf 87' lang='lat' dir='ltr'><strong>et</strong></span> <span class='ocrx_word' id='word_1_168' title='bbox 284 3089 437 3162; x_wconf 71' lang='lat' dir='ltr'><strong>precedens</strong></span> <span class='ocrx_word' id='word_1_169' title='bbox 449 3091 561 3163; x_wconf 80' lang='lat' dir='ltr'><strong>intelligi</strong></span> <span class='ocrx_word' id='word_1_170' title='bbox 576 3112 625 3165; x_wconf 90' lang='lat' dir='ltr'><strong>po·</strong></span> <span class='ocrx_word' id='word_1_171' title='bbox 668 3111 787 3166; x_wconf 74' lang='lat' dir='ltr'><strong>gramma</strong></span> <span class='ocrx_word' id='word_1_172' title='bbox 808 3092 837 3145; x_wconf 91' lang='lat' dir='ltr'><strong>in</strong></span> <span class='ocrx_word' id='word_1_173' title='bbox 858 3090 914 3146; x_wconf 89' lang='lat' dir='ltr'><strong>duo</strong></span> <span class='ocrx_word' id='word_1_174' title='bbox 929 3091 962 3146; x_wconf 75' lang='lat' dir='ltr'><strong>ad</strong></span> <span class='ocrx_word' id='word_1_175' title='bbox 977 3091 1052 3146; x_wconf 90' lang='lat' dir='ltr'><strong>hunc</strong></span> <span class='ocrx_word' id='word_1_176' title='bbox 1068 3110 1108 3145; x_wconf 82' lang='grc' dir='ltr'><strong>νο.</strong></span> <span class='ocrx_word' id='word_1_177' title='bbox 1123 3091 1184 3145; x_wconf 84' lang='lat' dir='ltr'><strong>vult</strong></span> 
     </span>
     <span class='ocr_line' id='line_1_26' title="bbox 113 3164 1184 3243; baseline -0.005 -16"><span class='ocrx_word' id='word_1_178' title='bbox 113 3164 266 3242; x_wconf 76' lang='lat' dir='ltr'><strong>test(immo</strong></span> <span class='ocrx_word' id='word_1_179' title='bbox 275 3169 367 3236; x_wconf 58' lang='lat' dir='ltr'><strong>debon</strong></span> <span class='ocrx_word' id='word_1_180' title='bbox 377 3173 561 3242; x_wconf 74' lang='lat' dir='ltr'><strong>nsmTrajano</strong></span> <span class='ocrx_word' id='word_1_181' title='bbox 574 3173 626 3227; x_wconf 86' lang='lat' dir='ltr'><strong>im·</strong></span> <span class='ocrx_word' id='word_1_182' title='bbox 670 3174 730 3228; x_wconf 82' lang='lat' dir='ltr'><strong>Jan.</strong></span> <span class='ocrx_word' id='word_1_183' title='bbox 742 3173 1002 3243; x_wconf 50' lang='lat' dir='ltr'><strong>liutgerum-Macte</strong></span> <span class='ocrx_word' id='word_1_184' title='bbox 1015 3175 1097 3225; x_wconf 82' lang='lat' dir='ltr'><strong>animi.</strong></span> <span class='ocrx_word' id='word_1_185' title='bbox 1112 3171 1184 3224; x_wconf 87' lang='lat' dir='ltr'><strong>Sen-</strong></span> 
     </span>
     <span class='ocr_line' id='line_1_27' title="bbox 113 3247 1183 3324; baseline -0.003 -18"><span class='ocrx_word' id='word_1_186' title='bbox 113 3265 233 3324; x_wconf 83' lang='lat' dir='ltr'><strong>perante,</strong></span> <span class='ocrx_word' id='word_1_187' title='bbox 240 3252 342 3305; x_wconf 87' lang='lat' dir='ltr'><strong>Urbem</strong></span> <span class='ocrx_word' id='word_1_188' title='bbox 351 3250 448 3304; x_wconf 83' lang='lat' dir='ltr'><strong>Noster</strong></span> <span class='ocrx_word' id='word_1_189' title='bbox 456 3247 627 3323; x_wconf 76' lang='lat' dir='ltr'><strong>reliquerat);</strong></span> <span class='ocrx_word' id='word_1_190' title='bbox 670 3272 715 3307; x_wconf 84' lang='lat' dir='ltr'><strong>sus</strong></span> <span class='ocrx_word' id='word_1_191' title='bbox 730 3265 770 3306; x_wconf 84' lang='lat' dir='ltr'><strong>est</strong></span> <span class='ocrx_word' id='word_1_192' title='bbox 779 3271 787 3306; x_wconf 88' lang='lat'>:</span> <span class='ocrx_word' id='word_1_193' title='bbox 796 3254 893 3306; x_wconf 80' lang='lat' dir='ltr'><strong>Beatus</strong></span> <span class='ocrx_word' id='word_1_194' title='bbox 904 3266 931 3306; x_wconf 84' lang='lat' dir='ltr'><strong>et</strong></span> <span class='ocrx_word' id='word_1_195' title='bbox 942 3252 1006 3305; x_wconf 80' lang='lat' dir='ltr'><strong>felix</strong></span> <span class='ocrx_word' id='word_1_196' title='bbox 1016 3250 1051 3305; x_wconf 83' lang='lat' dir='ltr'><strong>sis</strong></span> <span class='ocrx_word' id='word_1_197' title='bbox 1063 3251 1110 3304; x_wconf 94' lang='lat' dir='ltr'><strong>illo</strong></span> <span class='ocrx_word' id='word_1_198' title='bbox 1124 3251 1183 3303; x_wconf 85' lang='lat' dir='ltr'><strong>ani·</strong></span> 
     </span>
     <span class='ocr_line' id='line_1_28' title="bbox 115 3329 1184 3407; baseline -0.002 -22"><span class='ocrx_word' id='word_1_199' title='bbox 115 3332 246 3403; x_wconf 71' lang='lat' dir='ltr'><strong>‘lbsjdnus</strong></span> <span class='ocrx_word' id='word_1_200' title='bbox 261 3331 332 3385; x_wconf 86' lang='lat' dir='ltr'><strong>enim</strong></span> <span class='ocrx_word' id='word_1_201' title='bbox 349 3350 363 3384; x_wconf 85' lang='lat' dir='ltr'><strong>s</strong></span> <span class='ocrx_word' id='word_1_202' title='bbox 380 3330 468 3384; x_wconf 79' lang='lat' dir='ltr'><strong>Nersa</strong></span> <span class='ocrx_word' id='word_1_203' title='bbox 487 3329 628 3402; x_wconf 71' lang='lat' dir='ltr'><strong>adoptatus</strong></span> <span class='ocrx_word' id='word_1_204' title='bbox 671 3344 820 3407; x_wconf 86' lang='lat' dir='ltr'><strong>mo,atque</strong></span> <span class='ocrx_word' id='word_1_205' title='bbox 832 3332 884 3385; x_wconf 89' lang='lat' dir='ltr'><strong>illis</strong></span> <span class='ocrx_word' id='word_1_206' title='bbox 896 3331 1016 3386; x_wconf 86' lang='lat' dir='ltr'><strong>moribus</strong></span> <span class='ocrx_word' id='word_1_207' title='bbox 1030 3331 1127 3403; x_wconf 79' lang='lat' dir='ltr'><strong>quibua</strong></span> <span class='ocrx_word' id='word_1_208' title='bbox 1140 3348 1184 3383; x_wconf 88' lang='lat' dir='ltr'><strong>or-</strong></span> 
     </span>
     <span class='ocr_line' id='line_1_29' title="bbox 116 3408 1185 3481; baseline -0.001 -18"><span class='ocrx_word' id='word_1_209' title='bbox 116 3408 249 3465; x_wconf 81' lang='lat' dir='ltr'><strong>dictusest</strong></span> <span class='ocrx_word' id='word_1_210' title='bbox 259 3411 629 3481; x_wconf 80' lang='lat' dir='ltr'><strong>NerraTrajanus.-He1ico·</strong></span> <span class='ocrx_word' id='word_1_211' title='bbox 671 3412 729 3466; x_wconf 78' lang='lat' dir='ltr'><strong>nari</strong></span> <span class='ocrx_word' id='word_1_212' title='bbox 745 3431 773 3465; x_wconf 82' lang='lat' dir='ltr'><strong>se</strong></span> <span class='ocrx_word' id='word_1_213' title='bbox 788 3411 910 3466; x_wconf 87' lang='lat' dir='ltr'><strong>crederet</strong></span> <span class='ocrx_word' id='word_1_214' title='bbox 924 3412 1028 3476; x_wconf 82' lang='lat' dir='ltr'><strong>Numa,</strong></span> <span class='ocrx_word' id='word_1_215' title='bbox 1040 3422 1067 3464; x_wconf 87' lang='lat' dir='ltr'><strong>et</strong></span> <span class='ocrx_word' id='word_1_216' title='bbox 1081 3410 1185 3464; x_wconf 81' lang='lat' dir='ltr'><strong>laetare·</strong></span> 
     </span>
     <span class='ocr_line' id='line_1_30' title="bbox 118 3491 1187 3564; baseline -0.001 -21"><span class='ocrx_word' id='word_1_217' title='bbox 118 3510 148 3543; x_wconf 86' lang='grc' dir='ltr'>ιιε</span> <span class='ocrx_word' id='word_1_218' title='bbox 149 3493 211 3559; x_wconf 78' lang='lat' dir='ltr'><strong>frui.</strong></span> <span class='ocrx_word' id='word_1_219' title='bbox 218 3493 277 3545; x_wconf 85' lang='lat' dir='ltr'><strong>Hoc</strong></span> <span class='ocrx_word' id='word_1_220' title='bbox 284 3491 428 3558; x_wconf 78' lang='lat' dir='ltr'><strong>est,libere</strong></span> <span class='ocrx_word' id='word_1_221' title='bbox 436 3491 627 3545; x_wconf 82' lang='lat' dir='ltr'><strong>Musisvacsre.</strong></span> <span class='ocrx_word' id='word_1_222' title='bbox 672 3506 717 3546; x_wconf 88' lang='lat' dir='ltr'><strong>tur</strong></span> <span class='ocrx_word' id='word_1_223' title='bbox 730 3493 810 3557; x_wconf 80' lang='lat' dir='ltr'><strong>Cato,</strong></span> <span class='ocrx_word' id='word_1_224' title='bbox 825 3491 997 3564; x_wconf 75' lang='lat' dir='ltr'><strong>quantumvis</strong></span> <span class='ocrx_word' id='word_1_225' title='bbox 1010 3509 1145 3555; x_wconf 84' lang='lat' dir='ltr'><strong>morosus,</strong></span> <span class='ocrx_word' id='word_1_226' title='bbox 1158 3503 1187 3543; x_wconf 84' lang='lat' dir='ltr'><strong>et</strong></span> 
     </span>
     <span class='ocr_line' id='line_1_31' title="bbox 161 3570 883 3643; baseline 0 -19"><span class='ocrx_word' id='word_1_227' title='bbox 161 3577 187 3635; x_wconf 74' lang='grc' dir='ltr'><strong>ό.</strong></span> <span class='ocrx_word' id='word_1_228' title='bbox 200 3572 281 3642; x_wconf 75' lang='lat' dir='ltr'><strong>longi</strong></span> <span class='ocrx_word' id='word_1_229' title='bbox 291 3583 374 3626; x_wconf 81' lang='lat' dir='ltr'><strong>metus.</strong></span> <span class='ocrx_word' id='word_1_230' title='bbox 386 3570 491 3639; x_wconf 82' lang='lat' dir='ltr'><strong>Quibus</strong></span> <span class='ocrx_word' id='word_1_231' title='bbox 503 3572 628 3643; x_wconf 82' lang='lat' dir='ltr'><strong>percelle-</strong></span> <span class='ocrx_word' id='word_1_232' title='bbox 672 3572 767 3627; x_wconf 71' lang='lat' dir='ltr'><strong>Stoicn</strong></span> <span class='ocrx_word' id='word_1_233' title='bbox 780 3572 883 3625; x_wconf 76' lang='lat' dir='ltr'><strong>frontis.</strong></span> 
     </span>
     <span class='ocr_line' id='line_1_32' title="bbox 117 3649 1188 3723; baseline -0.003 -19"><span class='ocrx_word' id='word_1_234' title='bbox 117 3651 216 3704; x_wconf 76' lang='lat' dir='ltr'><strong>bantur</strong></span> <span class='ocrx_word' id='word_1_235' title='bbox 241 3651 355 3704; x_wconf 84' lang='lat' dir='ltr'><strong>Romani</strong></span> <span class='ocrx_word' id='word_1_236' title='bbox 377 3664 504 3723; x_wconf 58' lang='lat' dir='ltr'><strong>“guanto</strong></span> <span class='ocrx_word' id='word_1_237' title='bbox 533 3652 628 3705; x_wconf 90' lang='lat' dir='ltr'><strong>Domi·</strong></span> <span class='ocrx_word' id='word_1_238' title='bbox 714 3672 741 3721; x_wconf 86' lang='lat'><strong>9.</strong></span> <span class='ocrx_word' id='word_1_239' title='bbox 755 3653 863 3722; x_wconf 68' lang='lat' dir='ltr'><strong>Largus.</strong></span> <span class='ocrx_word' id='word_1_240' title='bbox 876 3650 910 3704; x_wconf 91' lang='lat' dir='ltr'><strong>Id</strong></span> <span class='ocrx_word' id='word_1_241' title='bbox 923 3665 982 3706; x_wconf 84' lang='lat' dir='ltr'><strong>est:</strong></span> <span class='ocrx_word' id='word_1_242' title='bbox 997 3650 1077 3704; x_wconf 85' lang='lat' dir='ltr'><strong>Nunc</strong></span> <span class='ocrx_word' id='word_1_243' title='bbox 1091 3649 1188 3702; x_wconf 82' lang='lat' dir='ltr'><strong>libera·</strong></span> 
     </span>
     <span class='ocr_line' id='line_1_33' title="bbox 124 3727 1187 3803; baseline -0.003 -20"><span class='ocrx_word' id='word_1_244' title='bbox 124 3728 196 3784; x_wconf 84' lang='lat' dir='ltr'><strong>isno.</strong></span> <span class='ocrx_word' id='word_1_245' title='bbox 671 3731 776 3786; x_wconf 78' lang='lat' dir='ltr'><strong>litatem</strong></span> <span class='ocrx_word' id='word_1_246' title='bbox 794 3750 916 3786; x_wconf 84' lang='lat' dir='ltr'><strong>exercere</strong></span> <span class='ocrx_word' id='word_1_247' title='bbox 934 3745 1020 3803; x_wconf 83' lang='lat' dir='ltr'><strong>potes.</strong></span> <span class='ocrx_word' id='word_1_248' title='bbox 1038 3731 1074 3781; x_wconf 76' lang='lat' dir='ltr'><strong>Aa</strong></span> <span class='ocrx_word' id='word_1_249' title='bbox 1092 3727 1121 3781; x_wconf 90' lang='lat' dir='ltr'><strong>id</strong></span> <span class='ocrx_word' id='word_1_250' title='bbox 1135 3729 1187 3784; x_wconf 87' lang='lat' dir='ltr'><strong>mi·</strong></span> 
     </span>
     <span class='ocr_line' id='line_1_34' title="bbox 157 3808 1188 3883; baseline -0.003 -18"><span class='ocrx_word' id='word_1_251' title='bbox 157 3810 184 3865; x_wconf 75' lang='grc' dir='ltr'><strong>ὅ.</strong></span> <span class='ocrx_word' id='word_1_252' title='bbox 198 3811 255 3864; x_wconf 85' lang='lat' dir='ltr'><strong>Hoc</strong></span> <span class='ocrx_word' id='word_1_253' title='bbox 265 3811 366 3883; x_wconf 75' lang='lat' dir='ltr'><strong>populi,</strong></span> <span class='ocrx_word' id='word_1_254' title='bbox 383 3823 434 3865; x_wconf 81' lang='lat' dir='ltr'><strong>etc.</strong></span> <span class='ocrx_word' id='word_1_255' title='bbox 449 3808 532 3878; x_wconf 90' lang='lat' dir='ltr'><strong>Quod</strong></span> <span class='ocrx_word' id='word_1_256' title='bbox 546 3810 627 3866; x_wconf 82' lang='lat' dir='ltr'><strong>habet</strong></span> <span class='ocrx_word' id='word_1_257' title='bbox 670 3812 742 3865; x_wconf 86' lang='lat' dir='ltr'><strong>nima</strong></span> <span class='ocrx_word' id='word_1_258' title='bbox 761 3831 822 3883; x_wconf 84' lang='lat' dir='ltr'><strong>pars</strong></span> <span class='ocrx_word' id='word_1_259' title='bbox 839 3810 928 3867; x_wconf 83' lang='lat' dir='ltr'><strong>laudis</strong></span> <span class='ocrx_word' id='word_1_260' title='bbox 948 3825 1017 3876; x_wconf 81' lang='lat' dir='ltr'><strong>tuse,</strong></span> <span class='ocrx_word' id='word_1_261' title='bbox 1033 3810 1188 3881; x_wconf 84' lang='lat' dir='ltr'><strong>Imperator</strong></span> 
     </span>
     <span class='ocr_line' id='line_1_35' title="bbox 116 3889 1188 3964; baseline -0.004 -19"><span class='ocrx_word' id='word_1_262' title='bbox 116 3910 207 3947; x_wconf 83' lang='lat' dir='ltr'><strong>versus</strong></span> <span class='ocrx_word' id='word_1_263' title='bbox 216 3890 373 3964; x_wconf 76' lang='lat' dir='ltr'><strong>insequens,</strong></span> <span class='ocrx_word' id='word_1_264' title='bbox 386 3893 447 3944; x_wconf 75' lang='lat' dir='ltr'><strong>Dus</strong></span> <span class='ocrx_word' id='word_1_265' title='bbox 459 3891 512 3954; x_wconf 71' lang='lat' dir='ltr'><strong>eut,</strong></span> <span class='ocrx_word' id='word_1_266' title='bbox 526 3903 575 3945; x_wconf 84' lang='lat' dir='ltr'><strong>ete.</strong></span> <span class='ocrx_word' id='word_1_267' title='bbox 669 3892 783 3962; x_wconf 84' lang='lat' dir='ltr'><strong>optime,</strong></span> <span class='ocrx_word' id='word_1_268' title='bbox 792 3892 893 3964; x_wconf 81' lang='lat' dir='ltr'><strong>quippe</strong></span> <span class='ocrx_word' id='word_1_269' title='bbox 903 3892 950 3964; x_wconf 87' lang='lat' dir='ltr'><strong>qui</strong></span> <span class='ocrx_word' id='word_1_270' title='bbox 961 3890 1039 3945; x_wconf 85' lang='lat' dir='ltr'><strong>etism</strong></span> <span class='ocrx_word' id='word_1_271' title='bbox 1049 3891 1099 3942; x_wconf 90' lang='lat' dir='ltr'><strong>sub</strong></span> <span class='ocrx_word' id='word_1_272' title='bbox 1111 3889 1188 3961; x_wconf 88' lang='lat' dir='ltr'><strong>prin·</strong></span> 
     </span>
     <span class='ocr_line' id='line_1_36' title="bbox 158 3969 1167 4045; baseline -0.005 -18"><span class='ocrx_word' id='word_1_273' title='bbox 158 3975 183 4027; x_wconf 83' lang='lat'><strong>6.</strong></span> <span class='ocrx_word' id='word_1_274' title='bbox 202 3972 280 4026; x_wconf 80' lang='lat' dir='ltr'><strong>Talis.</strong></span> <span class='ocrx_word' id='word_1_275' title='bbox 293 3972 386 4039; x_wconf 73' lang='lat' dir='ltr'><strong>Quali·</strong></span> <span class='ocrx_word' id='word_1_276' title='bbox 400 3983 440 4026; x_wconf 82' lang='lat' dir='ltr'><strong>est</strong></span> <span class='ocrx_word' id='word_1_277' title='bbox 454 3970 551 4025; x_wconf 78' lang='lat' dir='ltr'><strong>Nerva.</strong></span> <span class='ocrx_word' id='word_1_278' title='bbox 669 3971 730 4045; x_wconf 85' lang='lat' dir='ltr'><strong>cipe</strong></span> <span class='ocrx_word' id='word_1_279' title='bbox 745 3971 848 4028; x_wconf 84' lang='lat' dir='ltr'><strong>crudeli</strong></span> <span class='ocrx_word' id='word_1_280' title='bbox 860 3975 948 4028; x_wconf 85' lang='lat' dir='ltr'><strong>bonus</strong></span> <span class='ocrx_word' id='word_1_281' title='bbox 961 3989 1017 4026; x_wconf 81' lang='lat' dir='ltr'><strong>esse</strong></span> <span class='ocrx_word' id='word_1_282' title='bbox 1031 3986 1110 4025; x_wconf 77' lang='lat' dir='ltr'><strong>susus</strong></span> <span class='ocrx_word' id='word_1_283' title='bbox 1124 3969 1167 4023; x_wconf 86' lang='lat' dir='ltr'><strong>sis.</strong></span> 
     </span>
    </p>
   </div>
   <div class='ocr_carea' id='block_1_6' title="bbox 0 0 1380 4808">
    <p class='ocr_par' dir='ltr' id='par_1_8' title="bbox 0 0 1380 4808">
     <span class='ocr_line' id='line_1_37' title="bbox 0 0 1380 4808; baseline 0 0"><span class='ocrx_word' id='word_1_284' title='bbox 0 0 1380 4808; x_wconf 95' lang='lat' dir='ltr'><strong> </strong></span> 
     </span>
    </p>
   </div>
  </div>
 </body>
</html>
