2670 4808
317 363 760 432 EPIGRAMMATUM
787 365 881 433 LlB.
911 365 1002 434 ΧΗ.
1141 363 1188 460 37

593 589 719 677 XLI.

529 824 571 870 ΙΝ
599 825 783 872 Tuccam.

234 1013 309 1083 Non
328 1028 393 1099 est,
408 1015 537 1098 Tucca,
558 1014 655 1100 satis,
672 1013 761 1109 quod
779 1038 814 1083 es
833 1012 990 1111 gulosus:

233 1123 274 1189 Et
288 1119 353 1189 dici
369 1120 479 1213 cupis,
500 1134 534 1187 et
552 1121 648 1213 cupis
666 1120 780 1189 videri.

185 1347 205 1380 r.
218 1330 248 1380 Et
259 1329 308 1381 dici
320 1333 395 1400 cupis,
411 1340 461 1381 etc.
478 1326 561 1393 Quod
575 1347 635 1399 per·
680 1329 750 1381 velle
764 1330 889 1383 morbum
900 1347 979 1382 suum
991 1328 1129 1400 profiteri,
1144 1348 1191 1382 ne·

153 1404 191 1459 diti
201 1408 306 1462 hominis
315 1421 355 1462 est
363 1422 390 1463 et
398 1408 495 1462 eximie
503 1407 637 1473 dissoluti,
681 1422 821 1480 quecaute
835 1426 925 1480 agere,
939 1410 960 1462 si
976 1428 1031 1462 non
1047 1423 1124 1463 carte.
1229 1480 1232 1484 ἢ

574 1614 736 1703 XLII.

362 1851 413 1894 DE
441 1849 730 1897 caLmsTnATO
758 1852 806 1896 ET
835 1853 955 1898 tatto.

186 2040 365 2106 Bannarns
381 2036 486 2130 rigido
505 2039 620 2131 nupsit
635 2034 842 2106 Callistratus
859 2036 941 2106 Afro
945 2091 958 2139 2

234 2146 303 2212 Hac
321 2167 386 2237 qua
403 2142 475 2237 lege
493 2145 565 2211 viro
585 2142 710 2211 nubere
728 2145 823 2236 virgo
844 2142 937 2212 solet.

183 2248 362 2317 Praeluxere
384 2249 489 2336 faces,
511 2249 662 2318 velarunt
683 2250 836 2318 flammea
855 2248 990 2318 vultus:

235 2354 304 2423 Nec
325 2368 382 2423 tua
403 2355 580 2424 defuerunt
597 2353 903 2451 verbm-Thalasse,
924 2356 992 2424 tibi.

182 2464 251 2533 Dos
267 2463 365 2530 etiam
383 2461 471 2530 dicta
490 2477 562 2530 est:
579 2461 825 2547 nondumtibi‚
843 2464 968 2549 Roma,
991 2461 1121 2531 videtui·
1186 2498 1197 2534 s

233 2571 307 2637 Hoc
328 2566 431 2637 satis?
448 2582 619 2662 exspectas
637 2560 798 2662 numquid
818 2583 856 2637 ut
873 2583 907 2636 et
923 2566 1052 2662 pan‘at?

171 2778 344 2832 1.Barbatrn.
366 2779 435 2831 Huic
454 2779 639 2849 epigrammati
684 2792 724 2831 tre
743 2776 814 2849 apud
834 2776 1032 2831 GrmoosNide
1054 2796 1112 2847 qum
1131 2778 1194 2832 Fur·

131 2859 264 2930 ingenium
284 2869 311 2911 et
325 2858 370 2910 lux
388 2870 497 2929 petatur
514 2876 529 2909 a
543 2859 559 2909 J
562 2876 639 2911 uren.
686 2857 781 2910 nnbius
791 2856 824 2910 ad
835 2859 940 2910 Seneca
946 2855 1086 2911 Thebaida
1093 2877 1131 2912 vs.
1141 2854 1194 2910 263

130 2939 183 2992 Sat
197 2939 238 2994 11.
255 2956 295 2991 vs.
315 2937 378 3002 134.
391 2936 462 2990 vide
477 2931 507 2991 ¹et
519 2938 642 2991 Tacitum
686 2951 712 2989 et
720 2937 956 3007 507.-Flammea.
968 2937 1197 2990 Flammeumerat

131 3020 176 3072 lib.
196 3019 263 3079 XV,
286 3035 378 3070 xxxvii
395 3018 554 3079 Annalium,
580 3036 642 3069 nm·
686 3019 867 3070 velamentum
887 3019 990 3070 luteum
1006 3036 1052 3070 seu
1067 3018 1201 3082 rubrum,

130 3111 232 3151 mntem
243 3114 300 3169 quo
313 3094 394 3149 morlo
403 3098 475 3149 Nero
486 3097 642 3168 Pythagora
686 3115 740 3168 quo
753 3115 824 3150 nova
837 3109 920 3169 nupta
936 3097 1072 3168 tegebatur
1086 3095 1197 3168 pudoris

129 3178 258 3251 nupserit
281 3177 412 3229 Novimus
439 3195 547 3248 quoque
573 3177 641 3229 infa-
686 3177 841 3247 gratiazvel
857 3177 884 3229 in
899 3176 1070 3247 subjectionis
1089 3176 1197 3247 symbo-

130 3278 198 3311 mem
209 3258 288 3310 illum
296 3254 642 3328 Adrianiimperatorisrln·
686 3257 758 3322 lum3
772 3256 818 3310 lib.
830 3257 884 3321 XI,
897 3256 981 3328 epigr.
997 3273 1117 3320 nutui,
1132 3257 1158 3309 3.

130 3326 386 3405 tionum-'Rigida
394 3339 469 3405 Afro.
478 3337 640 3390 Mutoniato.
728 3343 754 3401 4.
768 3337 902 3400 Thalasse,
914 3336 965 3388 titt.
976 3334 1032 3398 Qui
1045 3333 1199 3405 nuptiarum

171 3417 196 3470 3.
214 3417 300 3469 Faces.
316 3416 471 3487 Nuptiales,
487 3434 545 3486 qino
561 3417 642 3487 quin·
686 3415 935 3470 Dourdorabatur.
944 3413 1016 3466 Vide
1025 3413 1158 3484 supmlib.
1170 3413 1199 3480 1,

131 3516 184 3569 que
198 3515 251 3568 pro
267 3514 382 3548 numero
400 3508 492 3568 partus
508 3496 641 3549 naturali:
687 3496 770 3567 epigr.
786 3513 877 3548 xxxvi.

130 3578 171 3628 vel
184 3578 213 3628 in
228 3576 358 3629 honorem
373 3575 492 3647 quinquo
505 3577 642 3640 Deorum
728 3579 755 3627 6.
766 3576 901 3645 Exspectat
912 3571 1027 3644 numquid
1038 3575 1196 3644 ntttpariot.

130 3657 204 3710 lovis
220 3654 321 3718 adulti,
335 3656 451 3708 runonis
468 3653 564 3706 adulto
573 3657 642 3716 ,Ve·
687 3655 769 3720 Quasi
780 3652 893 3708 diceret:
902 3671 992 3705 nonne
1002 3654 1053 3705 tale
1060 3652 1126 3706 illud
1138 3672 1200 3706 con·

131 3737 218 3801 neris,
240 3733 376 3800 Suadela,
394 3736 504 3788 Lucina
518 3734 642 3805 proelere·
686 3734 789 3804 jugium
814 3734 875 3786 satis
898 3751 1006 3786 enorme
1032 3733 1117 3786 visum
1141 3732 1204 3787 est?

131 3815 496 3887 banturapnerispatrimis
511 3827 537 3866 et
552 3814 643 3865 matri·
689 3833 754 3865 num
776 3826 931 3885 opporteret
951 3814 1030 3866 etism
1049 3827 1080 3865 nt
1109 3814 1149 3866 vir
1170 3831 1202 3865 ex

133 3897 181 3949 mir
195 3894 267 3967 apud
282 3897 415 3948 Romanos
426 3913 433 3947 τ
445 3914 458 3948 a
472 3913 574 3966 sponsu
588 3912 643 3946 mo·
690 3894 747 3946 siro
765 3894 884 3947 sobolem
899 3894 1043 3967 suscipiat?
1058 3893 1110 3947 Eo.

1003 4083 1044 4165 33
