2670 4808
205 348 253 472 3p
485 354 533 422 Μ.
551 355 659 422 vat..
683 356 983 425 MARTIALIS

639 578 834 667 XXXII.

567 806 612 850 ru
639 776 911 852 vicennam*

313 987 345 1053 Ο
360 986 547 1052 Junrsnun
566 980 711 1052 dedecus
727 981 971 1069 Kalendarum,

314 1088 412 1175 Vidi,
424 1089 589 1174 Vacerra,
608 1090 751 1157 sarcinas
772 1102 864 1175 tuas3
879 1090 947 1186 vidi
960 1117 982 1158 :·

314 1196 408 1284 Quas
422 1219 491 1263 non
510 1208 653 1263 retentas
671 1196 830 1290 pensione
847 1220 910 1290 pro
928 1196 1018 1265 birna

315 1300 473 1371 Portabat
488 1324 573 1369 uxor
591 1299 664 1369 rufa
680 1300 826 1370 crinibus
845 1317 993 1397 septem,

316 1410 453 1475 Etcum
476 1432 590 1476 sorore
610 1431 692 1476 cana
714 1421 820 1476 mater
840 1409 985 1502 ingenti3

316 1515 431 1581 Furias
448 1513 563 1606 putavi
581 1526 680 1581 nocte
698 1513 785 1582 Ditis
799 1537 951 1582 emersas.

318 1620 388 1709 Has
407 1634 444 1687 tu
461 1619 588 1714 priores
607 1618 729 1713 frigore
748 1632 782 1686 et
799 1619 885 1687 farne
906 1621 1033 1717 siccus,

318 1728 362 1793 Et
382 1750 451 1793 non
470 1725 594 1794 recenti
612 1723 754 1819 pallidus
775 1724 878 1819 magis
894 1724 1000 1812 buxo,

318 1834 393 1901 Irus
411 1845 545 1899 tuorum
564 1845 772 1925 temporum,
794 1831 993 1925 sequebaris.

319 1937 467 2033 Migrare
482 1936 605 2006 clivum
624 1936 776 2008 crederes
792 1938 974 2007 Aricinum.

319 2044 395 2112 Ibat
411 2045 513 2139 tripes
531 2043 704 2137 grabatus,
722 2057 756 2111 et
775 2042 869 2136 bipes
887 2065 1019 2128 mensa,

321 2152 366 2217 Et
387 2173 465 2218 curn
488 2148 644 2235 lucerna,
664 2163 997 2242 corneoquecratere

257 2326 421 2385 'vacerram
430 2330 536 2384 divitias
545 2332 729 2397 simulantem,
772 2349 833 2385 cere
859 2345 951 2387 monet
970 2331 1121 2388 adnotator.
1138 2366 1177 2375 -
1197 2333 1286 2388 Some

218 2411 436 2468 mendicabulum
459 2411 584 2465 omnibns
604 2410 728 2465 derideo·
772 2416 871 2482 ingenti.
894 2416 981 2467 AEtste
1002 2413 1116 2475 scilicet,
1136 2412 1284 2467 secundnm

219 2493 285 2547 dum
300 2489 424 2545 ostendit.
773 2489 921 2558 Raderurn;
935 2490 1025 2546 adulta
1036 2505 1125 2546 autem
1140 2505 1167 2545 et
1180 2506 1287 2547 carente

263 2591 288 2627 1.
301 2572 473 2633 Oleliaram,
492 2583 541 2624 etc.
553 2570 617 2635 Quo
635 2589 732 2642 nempe
774 2571 845 2633 viro,
858 2571 1006 2625 secundum
1018 2572 1177 2626 Domitium.
1188 2573 1288 2642 Ingenti

219 2668 340 2724 tempore
346 2668 428 2704 novas
435 2647 503 2704 ardes
509 2649 659 2704 conducere
667 2651 733 2703 sole·
774 2650 843 2704 forte
855 2651 951 2704 melius
964 2653 1062 2706 referas
1075 2664 1178 2705 tantuna
1190 2651 1225 2704 ad
1239 2653 1289 2707 im·

218 2733 286 2786 bant
294 2730 417 2784 Romani.
428 2730 570 2783 Suetonius
581 2731 609 2783 in
622 2729 731 2783 Tiberio
773 2749 879 2783 manem
893 2732 1013 2802 corporis
1027 2733 1224 2803 proceritatem.

219 2831 278 2884 cap.
293 2811 346 2865 85:
364 2809 508 2863 ‹Senatori
530 2810 732 2864 latnmclavum
816 2813 843 2864 8.
863 2810 921 2863 Non
945 2815 1041 2865 receati.
1063 2813 1121 2867 Hoc
1137 2824 1192 2876 est,
1209 2810 1292 2865 arido

220 2890 333 2956 ademit,
344 2909 427 2962 quum
439 2890 604 2962 cognovisset
615 2890 665 2943 sub
676 2890 733 2943 Ka·
775 2890 845 2943 buxo
858 2889 993 2962 pallidior.

221 2968 391 3024 lendaslulii
405 2969 565 3041 demigrasse
580 2969 609 3022 in
621 2969 732 3034 hortos,
815 2991 843 3040 9.
855 2971 902 3023 Ad
917 2991 957 3023 rus
978 2969 1036 3024 MS.
1058 2970 1161 3023 Beverl.
1176 3002 1216 3014 -
1232 2971 1289 3024 Irus

220 3069 278 3123 qno
291 3048 438 3120 vilinspost
449 3049 521 3103 diem
537 3046 606 3103 edes
619 3050 647 3102 in
658 3051 733 3101 Urbe
776 3062 869 3102 tuorum
886 3062 1022 3120 temporam.
1039 3051 1102 3103 Erat
1122 3050 1167 3103 ille
1181 3050 1289 3105 mendi-

222 3127 391 3186 oondnceret.
401 3153 412 3175 ι
775 3147 823 3182 cus
835 3140 861 3181 et
871 3129 995 3182 omnium
1008 3130 1161 3184 mortalium
1172 3148 1289 3202 pauper-

265 3209 291 3263 3.
302 3210 435 3272 Proxima,
447 3226 503 3261 non
514 3227 561 3278 pro
576 3208 656 3271 bima,
673 3207 733 3262 MS.
775 3208 875 3272 rimus,
891 3207 925 3262 de
943 3228 997 3280 quo
1012 3208 1075 3263 vide
1090 3228 1171 3281 supra
1188 3210 1238 3263 lib.
1255 3212 1289 3271 V,

224 3290 378 3344 BeverL—
394 3288 462 3356 Quas
483 3307 531 3339 non
548 3298 658 3339 retentas.
675 3288 734 3341 Hoc
776 3287 862 3360 epigr.
877 3307 921 3341 ar..

223 3383 282 3429 est,
292 3387 356 3440 quas
364 3364 560 3422 conductarum
571 3385 585 3418 a
599 3381 626 3420 te
636 3365 733 3420 aedium
820 3386 864 3420 ro.
874 3367 968 3420 Clivum
980 3368 1115 3423 Aricinum.
1126 3368 1181 3421 Ubi
1193 3367 1291 3422 sedent

222 3448 347 3503 dominns
358 3467 410 3520 pro
421 3446 549 3519 pensione
561 3447 681 3512 biennii,
693 3458 735 3499 ut·
776 3445 905 3511 mendici,
920 3448 967 3501 lib.
979 3444 1023 3513 11,
1037 3449 1120 3519 epigr.
1136 3466 1193 3501 xix.
1205 3449 1291 3513 Quasi

222 3540 286 3601 pote
307 3528 430 3592 viliores,
450 3526 570 3600 pignoris
587 3527 648 3579 loco
669 3526 734 3579 reti·
777 3524 990 3593 dicat,crederes
1001 3526 1138 3581 mendicos
1150 3546 1244 3581 omnes
1258 3547 1292 3582 ex

223 3627 288 3663 nere
301 3607 396 3660 noluit.
776 3607 847 3659 colle
870 3608 994 3670 Aricino,
1014 3607 1060 3659 ubi
1082 3608 1291 3678 frequentissimi

266 3695 292 3752 4.
302 3686 384 3756 Rapta
392 3704 442 3757 pro
454 3687 510 3753 rusa
523 3683 606 3739 codex
617 3685 674 3738 MS.
686 3685 736 3739 Be·
777 3700 940 3758 spectantur,
957 3687 1009 3739 alio
1024 3685 1169 3740 discedere.

220 3763 389 3821 verlandi-
398 3763 510 3818 Crinibus
524 3776 620 3836 septem.
637 3764 669 3817 Id
681 3778 734 3831 est,
822 3783 867 3820 rr.
888 3768 971 3838 Tripes
984 3757 1111 3837 gradatio.
1124 3767 1194 3819 Vilis
1209 3766 1292 3819 nimi·

221 3856 348 3901 uxortua
363 3844 445 3897 calva.
777 3864 838 3898 snm
849 3846 946 3913 lectus,
958 3847 1004 3900 cni
1013 3859 1045 3900 ut
1056 3859 1083 3900 et
1091 3865 1188 3899 mensu
1201 3844 1294 3900 deerat

266 3926 292 3980 5.
306 3925 382 3979 Casta
398 3921 460 3977 cod.
475 3922 503 3975 in
516 3942 597 3996 marg.
615 3921 659 3976 ed.
674 3923 734 3977 Par.
780 3943 849 3979 unns
872 3945 919 3997 pes
932 3944 940 3979 ε
955 3945 1052 3980 mensa
1066 3927 1137 3979 enirn
1153 3938 1184 3979 ut
1203 3925 1293 3997 pluri-

227 4010 301 4077 1617
311 4042 320 4072 ,
331 4004 378 4057 nbi
392 4023 454 4055 casa
468 4003 551 4074 magis
568 4001 602 4057 ad
620 4022 676 4056 rem
698 4004 736 4059 fa·
780 4022 856 4058 annm
871 4005 958 4060 tribus
975 4004 1089 4077 pedibus
1104 4005 1294 4060 fulciebantur.
