2670 4808
312 356 757 427 ueroutnutruu
781 328 881 427 ιιι.
910 359 1001 426 x11.
1172 359 1192 431 5

181 489 318 560 Auriferi
339 489 381 559 de
401 503 500 586 gente
510 491 611 586 Tagi,
634 491 806 584 tetricique
828 487 975 577 Salonis,

227 600 296 667 Dat
314 597 440 691 patrios
461 597 580 666 Manes
600 621 673 692 quae
695 595 776 664 mihi
794 610 884 666 terra
904 611 1031 692 potens.

181 707 251 774 Nou
268 718 381 774 tamen
398 702 521 800 hospes
536 703 622 788 eris,
640 727 702 772 nec
713 702 784 797 jam
799 718 896 798 potes
911 700 1040 773 advena
1057 702 1138 792 dici,
1180 737 1191 773 s

227 810 332 906 Cujus
352 809 456 879 habet
475 808 594 878 fratres
616 823 666 879 tot
686 809 807 879 (lomus
828 807 895 879 alta
912 811 1021 879 Remi.

181 919 253 987 lure
271 930 331 987 tuo
348 916 539 987 veneranda
560 917 639 986 novi
656 930 732 1011 pete
751 914 866 985 limina
887 913 1020 1010 templi,

227 1023 369 1093 Reddita
390 1024 497 1091 Pierio
519 1037 598 1091 sunt
614 1022 672 1091 ubi
692 1021 815 1117 templa
837 1021 952 1091 choro.

112 1220 116 1227 ἢ
181 1127 237 1198 Vel
254 1133 281 1198 si
303 1127 475 1216 malueris,
495 1130 602 1224 prima
620 1127 770 1223 gradiere
788 1127 960 1198 Suburra:

227 1236 319 1305 Atria
338 1251 417 1305 sunt
437 1234 502 1305 illic
524 1234 668 1306 consulis
686 1233 753 1304 alta
771 1237 845 1305 mei.

180 1343 375 1437 Laurigeros
393 1342 524 1411 habitat
541 1341 705 1413 facundus
726 1339 827 1411 Stella
847 1343 1003 1427 Penates,
1060 1357 1066 1366 ’
1158 1394 1161 1401 .

229 1447 348 1520 Clarus
367 1451 526 1542 Hyanteae
547 1447 647 1519 Stella
669 1450 777 1522 sititor
795 1472 898 1543 aqua.

137 1630 239 1695 ΒΜ,
250 1646 302 1688 etc.
316 1634 357 1687 lta
367 1635 423 1687 lere
430 1633 633 1700 Ovidius,Tri·
676 1633 717 1705 gis
729 1633 797 1687 mihi
810 1632 924 1700 arridet,
939 1646 1022 1706 atque
1036 1635 1081 1688 vix
1096 1632 1192 1690 dubito

135 1710 255 1765 stiunlib.
267 1714 459 1785 ll,eleg.r,rs.
476 1715 633 1780 inparve,
678 1714 745 1785 qttin
767 1714 902 1786 scripserit
922 1714 1053 1769 Martialis
1071 1720 1136 1768 teeti.
1151 1748 1191 1760 -

135 1808 177 1843 neo
187 1790 381 1858 iuvidao,sine
393 1813 438 1848 me
455 1795 527 1847 liber
542 1794 594 1848 ibis
606 1795 634 1848 in
678 1794 739 1847 lm
760 1806 801 1846 tuo
818 1794 974 1858 meranda,
996 1806 1047 1849 etc.
1070 1795 1197 1867 Namque

136 1864 346 1926 Urbana-lo!
355 1873 451 1946 sapius
462 1874 580 1927 letitiam
591 1872 636 1928 de·
679 1873 810 1944 ternplum
820 1886 859 1926 est
865 1874 997 1945 Apollinis
1006 1887 1033 1927 et
1041 1875 1192 1941 Musarum,

133 1951 264 2016 nout,hic
278 1971 329 2024 pro
340 1953 633 2025 OtpositumluitEu·
680 1954 714 2005 ab
729 1953 851 2023 Angusto
865 1953 895 2005 in
910 1952 1014 2006 Palatio
1029 1954 1192 2018 excitatum

167 2032 192 2083 3.
201 2032 327 2100 Auriferi,
338 2045 389 2086 eto.
398 2033 637 2104 Exllispenisme·
679 2031 708 2084 in
722 2049 778 2104 quo
792 2044 937 2103 μκιειιιιι
951 2049 1038 2103 opert
1045 2032 1194 2087 recitaban-

132 2109 193 2163 ttllis
208 2112 322 2176 celebri,
336 2113 385 2166 ubi
399 2113 593 2185 astrifer'l'agus
609 2125 636 2166 et
679 2124 726 2164 tur
740 2123 768 2165 et
782 2111 897 2182 probata
914 2112 1112 2182 reponebantur
1127 2118 1193 2167 tum

130 2186 199 2254 salo,
210 2194 286 2262 eujus
298 2193 375 2264 aquis
387 2193 491 2246 ferrum
505 2206 635 2264 tempera·
679 2190 847 2261 imaginibus.

130 2280 177 2323 tur.
186 2270 233 2324 lib.
246 2273 372 2344 I,epigr.
384 2293 413 2339 ι,
424 2292 491 2327 vera.
506 2291 539 2326 ra
551 2287 578 2327 et
590 2273 634 2327 1⁵.
721 2274 747 2326 8.
760 2272 865 2325 Reddita
874 2273 968 2325 Pierio.
979 2274 1011 2325 In
1022 2272 1120 2344 palatio
1131 2273 1194 2327 ttu-

131 2347 203 2402 llunc
213 2351 284 2405 sorte
299 2354 423 2406 tetricum
437 2365 514 2406 vocat
526 2366 638 2424 propter
679 2369 769 2403 suum
796 2365 876 2423 atque
904 2351 1037 2424 Apollinis
1064 2354 1193 2426 templum

130 2443 235 2499 agrestes
246 2450 292 2486 seu
302 2434 409 2486 tetricos
424 2445 451 2486 et
460 2451 566 2487 severos
579 2435 636 2505 ejus
680 2431 842 2485 excitaverat
856 2434 1007 2503 Augustus,
1021 2433 1069 2485 ubi
1081 2435 1193 2504 probat·

130 2511 233 2564 toeolas
678 2522 818 2582 poetamm
848 2512 947 2582 scripta
977 2513 1193 2582 reponebantur,

167 2595 193 2653 4.
211 2591 287 2661 Quod
297 2592 403 2647 Beterl.
419 2593 472 2646 Pro
488 2605 573 2663 potam
591 2591 638 2644 alii
679 2589 755 2661 quod
779 2592 869 2644 Nerva
896 2589 996 2645 deinde
1022 2593 1139 2647 restituit
1163 2595 1193 2647 in

127 2672 329 2737 parem-Dat
334 2677 429 2743 patruos
438 2672 637 2743 Manes.1nqua
678 2669 789 2740 gratiam
802 2670 879 2724 chori
892 2670 971 2725 Pierii
983 2671 1194 2739 ιιιιΜιιιιιιιιιι,

129 2749 225 2803 scilicet
241 2764 313 2804 terra
331 2750 435 2806 eonditi
455 2764 518 2809 sent
536 2752 639 2804 oium
680 2761 708 2802 et
722 2749 940 2820 ipsorum-etiam
953 2762 1102 2822 poetarum

131 2846 248 2883 meorum
264 2844 423 2904 parentum,
435 2844 463 2885 et
477 2850 537 2903 quta
552 2831 639 2904 patria
722 2849 751 2899 9.
760 2831 846 2884 Prusa
854 2830 974 2884 Saburra.
985 2832 1018 2883 In
1030 2834 1107 2903 eujus
1119 2831 1195 2887 aditu

130 2926 185 2962 mea
197 2924 245 2964 est.
682 2909 818 2963 habitabat
838 2908 934 2976 Stella,
958 2907 993 2963 de
1017 2929 1074 2982 quo
1095 2913 1140 2966 lib.
1166 2915 1194 2978 1,

168 2994 196 3043 6.
214 2992 308 3043 Domus
333 2993 394 3046 alta.
420 2992 451 3044 lu
476 2988 640 3062 quibusdam
683 2990 766 3060 epigr.
782 3007 845 3043 vrtt.

131 3067 262 3138 legebanrr
273 3071 356 3123 domus
369 3091 425 3125 uns.
439 3103 468 3115 -
483 3071 560 3139 cajus
571 3069 643 3121 ltuhst
728 3069 902 3123 rorcoasutu
911 3074 966 3125 mei.
977 3070 1080 3136 Stella,
1089 3073 1131 3126 eui
1146 3091 1195 3143 ego

128 3149 223 3211 fratres.
235 3152 327 3206 Rome
339 3151 457 3223 quippe,
468 3168 549 3223 quatu
564 3150 641 3204 lieni
684 3149 854 3203 comitiatum
866 3151 947 3205 vovi:
963 3151 1010 3204 lib.
1034 3152 1090 3213 lx,
1110 3153 1194 3224 epigr.

133 3225 241 3283 domum
255 3243 349 3296 vocat,
363 3229 544 3303 prreoedentes
559 3231 642 3284 libros
685 3230 879 3295 autu-Vel,
891 3230 959 3283 mihi
969 3230 1091 3284 laventis.

132 3310 484 3380 scripserettllomntutem
497 3310 605 3382 triginta
616 3322 643 3363 et
730 3309 876 3363 recturus
890 3310 1012 3383 Hyantea
1029 3310 1107 3362 Stella
1120 3313 1201 3364 sititor
1298 3294 1306 3309 ⁹

133 3401 243 3458 quatuor
262 3390 341 3444 annis
360 3404 506 3456 manserat,
529 3391 578 3444 lib.
602 3392 643 3456 X,
685 3388 749 3441 libri
774 3401 885 3444 reeentt.
911 3388 959 3444 sed
984 3387 1047 3442 edd.
1071 3401 1136 3444 vett.
1156 3393 1199 3445 vel

133 3469 212 3538 epigr.
223 3488 278 3523 crs.
682 3480 783 3538 potator
792 3469 868 3540 quod
885 3481 926 3522 est
941 3469 1078 3540 elegantia
1095 3482 1123 3524 et
1135 3472 1200 3544 rhy-

170 3568 197 3619 7.
211 3552 306 3602 limina
315 3551 402 3620 templi.
420 3576 431 3597 ι
441 3550 643 3621 Corrigolimr'na
687 3548 764 3602 thino
771 3550 945 3615 contrariurn',
951 3550 992 3601 vel
997 3554 1095 3619 petitor.
1103 3550 1201 3616 Quoad

134 3631 271 3701 tectisquis
284 3631 436 3701 templajam
450 3630 646 3702 dabitvs.pro·
687 3647 815 3692 sentum,
838 3627 872 3682 de
892 3629 966 3682 loute
991 3630 1131 3684 Ianthidos
1155 3650 1203 3684 seu

134 3706 211 3762 tinio.
228 3710 314 3763 Maris
329 3722 360 3762 tu
376 3722 464 3763 tamen
480 3710 597 3763 retinere
612 3711 644 3761 li·
688 3708 853 3760 Violentillrs
867 3709 1028 3780 intelligunt.
1041 3711 1110 3762 Nam
1123 3714 1205 3763 sititor

133 3792 195 3840 mina
206 3790 304 3861 templi,
321 3808 426 3860 perure
440 3790 548 3855 licebit;
562 3789 644 3844 modo
689 3801 729 3841 est
742 3787 840 3854 Stella,
853 3789 899 3860 qui
913 3787 961 3842 diu
971 3790 1082 3844 ambivit
1091 3791 1206 3844 Violan-

133 3886 169 3921 vs.
187 3889 226 3941 sq.
253 3888 303 3941 pro
327 3870 428 3940 templa,
449 3871 520 3942 legas
541 3882 612 3922 tecta.
629 3896 641 3918 ι
689 3868 791 3933 tillem,
811 3868 888 3922 Statii
902 3870 1023 3940 Epithal.
1042 3869 1114 3941 Sylv.
1132 3872 1159 3934 1,
1177 3873 1205 3924 iu

136 3948 172 4000 De
188 3949 441 4022 liooy.1ngeni0se;
458 3949 645 4004 eduobusta·
689 3952 765 4020 cujus
794 3948 895 4004 rudibus
924 3948 1126 4022 limpidissimus
1155 3951 1207 4004 l'uit
1231 3972 1242 3993 0

134 4047 193 4083 tuen
207 4046 267 4104 qun
277 4030 401 4103 conjicit,
415 4029 491 4103 prior
501 4030 581 4086 lectio
593 4048 647 4084 mt-
691 4030 767 4095 lons,
781 4027 883 4102 dequo
897 4028 961 4084 ride
974 4030 1022 4083 lib.
1033 4031 1104 4097 vlt,
1119 4030 1207 4101 epigr.

1015 4161 1024 4205 Ι
1040 4123 1052 4162 3
