2670 4808
318 347 762 426 EPIGRAMMATUM
789 360 881 428 LIB.
910 360 1000 430 XII.
1142 363 1190 434 33

259 481 347 554 Nulli
363 499 398 554 te
415 485 518 557 facias
532 487 630 558 nimis
651 488 806 560 sodalem.

258 590 425 662 Gaudebis
445 593 572 682 minus,
591 608 625 665 et
646 597 756 665 minus
775 595 910 666 dolebis.

154 815 260 866 rotem·
274 818 327 872 quo
343 798 513 856 remordetur
527 803 640 857 mimos.
685 804 757 857 enim
778 822 906 876 prospere
920 817 999 878 etque
1013 805 1122 863 adverso
1141 810 1196 862 sor·

186 895 220 931 ιι.
233 878 354 934 Gaudebis
376 884 462 934 minut.
485 881 640 936 Amicorum
685 896 750 937 tunt
766 884 848 937 nimis
860 904 910 940 not
923 885 1016 940 efficit.

561 1086 766 1171 XXXV.

445 1320 503 1365 An
536 1320 867 1368 GALLISTRATUM.

189 1513 364 1593 Tironem
387 1508 580 1605 simpliciter
598 1533 745 1591 mecum,
767 1507 973 1595 Callistrato,
992 1512 1104 1599 vivas,

234 1619 354 1686 Dicere
372 1608 539 1710 percisum
561 1629 593 1683 te
614 1614 697 1684 mihi
718 1638 804 1708 saepe
825 1614 919 1685 soles.

188 1722 260 1792 Non
278 1748 314 1793 es
332 1736 399 1791 tam
420 1720 559 1817 simplex
582 1745 682 1815 quam
700 1723 765 1804 vis,
788 1719 998 1811 Callistrato,
1016 1724 1121 1794 credi:

233 1831 322 1900 Nam
343 1829 490 1922 quisquis
509 1840 624 1895 narrat
644 1825 738 1911 talia,
756 1825 852 1921 plura
875 1841 971 1896 tacet.

176 2055 199 2088 t.
212 2037 346 2109 Tanquam.
357 2037 406 2088 Vis
421 2033 508 2088 videri
526 2034 643 2106 ingenue
686 2033 744 2104 pati
757 2031 911 2098 muliebrie;
923 2031 980 2087 vid.
992 2034 1094 2089 seilicet
1104 2035 1139 2090 ad
1150 2037 1198 2091 lib.

135 2128 234 2169 mecum
249 2115 447 2169 eommunieere
463 2126 561 2168 secreto
577 2126 643 2178 tue,
686 2114 730 2180 11,
745 2113 931 2184 epigramm.

133 2194 245 2268 proinde
257 2195 334 2249 t'ateri
345 2195 424 2248 etiam
437 2195 518 2260 vitiu
530 2192 577 2247 sed
591 2193 643 2246 boc
728 2199 754 2257 4.
767 2193 879 2256 Normt,
893 2204 965 2247 tacet.
978 2194 1011 2246 In
1020 2194 1133 2249 vocibus
1141 2215 1199 2248 nar-

131 2295 185 2328 non
199 2275 260 2328 t'aeis
275 2276 409 2346 ingenue:
426 2292 541 2346 namque
555 2273 643 2327 nrinus
687 2286 766 2325 rotet
780 2285 856 2336 tacet,
871 2273 935 2327 latet
944 2276 1029 2346 majus
1041 2274 1110 2328 illud
1125 2275 1200 2347 quod

130 2354 166 2410 de
183 2367 208 2407 te
219 2355 319 2421 lateris,
335 2367 364 2407 ut
376 2356 461 2425 majus
474 2366 567 2407 taceae.
688 2351 852 2406 Callistratus
868 2371 924 2405 non
943 2353 1077 2407 fatebatur
1089 2355 1196 2410 vitium.

171 2455 198 2486 α.
212 2436 344 2486 Proeorkum
356 2432 418 2487 edd.
434 2445 498 2487 vett.
514 2445 540 2486 et
553 2432 642 2485 Muitt.
687 2429 759 2484 Vide
779 2427 825 2484 lib.
848 2433 906 2496 111,
924 2433 1008 2504 epigr.
1026 2453 1142 2502 nxnrv,
1168 2448 1195 2488 et

127 2527 156 2567 et
167 2514 191 2566 1²
192 2514 459 2567 arnob-Percurre.
473 2513 532 2566 Hoc
546 2524 600 2577 est,
617 2525 644 2563 te
688 2511 768 2582 hujus
781 2511 830 2564 lib.
847 2513 930 2583 epigr.
943 2530 1001 2567 xcv.

557 2714 775 2800 XXXVI.

488 2950 535 2994 ru
564 2916 841 2994 urrunnun*

261 3144 391 3209 Limes
410 3151 572 3232 quatuor,
594 3150 652 3206 aut
670 3135 751 3204 duas
771 3139 896 3223 amico,

264 3245 503 3341 Algentemque
524 3258 657 3336 togam,
679 3242 881 3338 brevemque
902 3242 1041 3331 laenam,

170 3447 184 3473 '¹
198 3457 342 3510 Labullum
361 3456 413 3509 sibi
431 3453 466 3508 de
486 3454 642 3506 liberalitate
687 3472 742 3505 esse
752 3452 967 3518 meliorem,boe
974 3455 1115 3525 pulchrum
1125 3457 1200 3515 dicit.

127 3538 313 3592 blandientem
328 3549 405 3607 neget
420 3553 475 3588 esse
490 3534 641 3596 liberalem,
687 3533 777 3584 Iloder.

129 3617 251 3690 φιαωνίο
265 3634 359 3670 omnes
371 3615 412 3668 sui
433 3615 558 3685 temporis
579 3631 641 3665 ava·
730 3631 754 3664 1.
774 3612 871 3664 Libras.
883 3610 954 3664 Vide
970 3611 1004 3666 ed
1020 3615 1082 3667 libri
1099 3619 1126 3670 11
1142 3623 1199 3693 epi.

130 3718 176 3751 roe
197 3709 304 3769 superet
326 3694 527 3758 munificentia;
556 3693 641 3764 impo-
685 3710 803 3761 mamma
818 3712 877 3756 rev,
892 3711 929 3744 vs.
947 3694 972 3744 5.

130 3796 189 3830 rem
201 3789 288 3830 temen
303 3793 359 3830 esse
371 3792 432 3827 eum
443 3775 534 3846 priscis
546 3773 641 3824 lllaece·
728 3790 753 3824 a.
764 3774 871 3826 Lernam.
881 3771 1086 3830 Graeeisdieitur
1093 3785 1198 3849 χλαῖνα,

131 3858 240 3912 natibus
261 3875 324 3909 vere
345 3855 468 3924 benignis
485 3866 513 3906 et
525 3853 643 3906 liberali-
686 3853 765 3904 vestis
777 3870 837 3921 quo
850 3865 915 3923 togae
927 3852 1054 3924 injicitur.
1063 3863 1202 3931 -Algem

132 3938 192 3990 bus.
208 3937 292 3990 Melos
300 3935 407 3989 vincere
421 3934 554 3997 bonitate,
565 3944 644 4001 negat
689 3943 743 3984 tem.
760 3932 818 3984 Hoc
833 3945 888 3998 eet,
901 3934 938 3986 ita
951 3935 1056 4001 tritam,
1071 3951 1101 3991 ut
1117 3940 1199 4013 frigus

133 4036 190 4070 esse
216 4018 388 4088 preclarum
409 4013 455 4068 sed
477 4012 541 4086 ipsis
567 4012 645 4065 bonis
690 4010 1200 4093 steileadmittat:velcrassioremquae

188 4130 257 4195 111.
675 4203 679 4210 ¹
1026 4124 1046 4193 :t
