2670 4808
129 338 176 410 58
416 342 462 408 Μ.
480 343 585 408 VAL.
616 341 900 408 MARTIALIS

585 570 734 656 LXII.

233 808 286 852 tn
313 808 537 853 SATURNUM
568 807 647 852 PRO
675 806 820 851 rutsco
848 779 1089 853 ‘immistio-¹⁵

182 997 333 1074 Anrrour
354 1017 411 1060 rex
426 1015 545 1085 magne
562 989 646 1086 poli,
662 989 842 1085 mundique
856 993 994 1085 prioris,

232 1100 302 1167 Sub
316 1122 384 1191 quo
400 1100 493 1190 pigra
510 1097 620 1190 quies,
639 1119 700 1164 nec
717 1093 811 1163 labor
829 1093 1019 1183 alluserat,

183 1204 253 1272 Neo
274 1202 384 1298 regale
402 1203 499 1271 nimis
521 1200 664 1287 fulmen,
682 1225 743 1270 nec
764 1198 901 1270 fulmine
921 1200 1039 1296 digna,

234 1311 341 1379 Scissa
361 1332 423 1377 nec
443 1307 487 1376 ad
508 1309 643 1393 Manes,
665 1306 723 1375 sed
745 1307 807 1375 sita
829 1307 921 1377 dives
943 1307 1084 1392 humus;

183 1419 292 1485 Laetus
311 1414 353 1483 ad
370 1415 442 1483 haec
460 1411 628 1507 facilisque
645 1415 721 1482 veni
738 1411 896 1482 solemnia
911 1415 1013 1484 Prisci

236 1520 383 1604 Gaudia,
399 1544 502 1613 quum
519 1520 618 1589 sacris
636 1533 668 1587 te
687 1518 782 1587 decet
800 1544 872 1589 esse
890 1520 963 1588 tuis.

181 1630 230 1695 Tu
253 1627 407 1695 reducem
429 1626 544 1719 patriae
562 1640 670 1709 sexta,
691 1639 787 1719 pater
804 1626 947 1720 optime,
963 1625 1082 1693 bruma

237 1733 365 1801 Pacifici
388 1733 482 1799 Latia
500 1730 609 1800 reddis
628 1731 671 1799 ab
692 1731 774 1799 urbe
790 1731 917 1799 Numae.

189 1840 307 1907 Cernis
322 1852 361 1906 ut
374 1839 522 1906 Ausonio
537 1836 649 1906 similis
663 1837 722 1906 tibi
742 1861 864 1931 pompa
879 1835 1019 1905 macello

236 1945 397 2027 Pendeat,
421 1958 455 2012 et
476 1959 618 2038 quantus
637 1943 820 2011 luxurietur
841 1941 969 2011 honos?

185 2054 295 2139 Quam
314 2076 382 2119 non
399 2074 499 2143 panca
515 2073 651 2131 manus,
666 2045 830 2142 largaeque
848 2051 1046 2117 nomismata
1061 2075 1201 2127 mensae,

236 2160 339 2244 Quae,
355 2159 515 2233 Saturne,
535 2154 592 2222 tibi
611 2168 888 2248 pernumerentur
907 2152 1008 2248 opes?

169 2359 181 2380 '
199 2365 290 2416 Prisco
311 2365 440 2418 Terentio
460 2377 520 2435 pout
542 2383 640 2416 aunum
685 2377 835 2436 erantopeu
849 2377 977 2434 repertu,
991 2363 1038 2417 aed
1050 2365 1077 2416 in
1092 2367 1202 2419 visceri·

131 2457 233 2499 sextum
243 2480 252 2507 ,
262 2445 320 2516 ipuo
335 2445 475 2498 Deoemhri
488 2444 517 2497 in
527 2444 640 2515 patrium
685 2445 734 2497 bur
754 2457 830 2497 terre
848 2457 1040 2514 autumatque
1059 2458 1201 2515 argentum

130 2523 285 2595 Hispaniam
299 2523 393 2577 reduci
406 2524 515 2595 epulum
528 2524 641 2576 exstrui·
686 2537 762 2579 erant
776 2521 921 2586 recondita.

132 2619 191 2668 tur,
207 2602 240 2656 ud
256 2603 329 2676 quod
345 2604 425 2657 Poeta
441 2603 585 2656 Saturnum
600 2604 641 2655 in·
727 2611 753 2667 4.
770 2603 861 2667 Suasa,
878 2614 927 2656 ete.
943 2601 986 2655 Ad
1001 2602 1152 2656 anundum
1170 2623 1201 2657 eu

132 2685 212 2750 vitat3
226 2696 252 2736 et
265 2697 358 2755 rogat,
370 2697 402 2740 nt
414 2684 504 2737 Princo
517 2702 586 2754 saepe
598 2702 641 2735 re·
685 2683 832 2737 visceribus
854 2695 932 2737 terra
950 2683 1056 2752 imaque
1077 2682 1202 2737 Manium

132 2775 209 2817 voret
220 2763 384 2829 Saturnalia,
395 2761 495 2834 diuque
506 2764 545 2816 illi
557 2781 641 2815 uuum
685 2761 746 2816 sede
761 2789 772 2809 ι
792 2762 892 2815 ferrum
913 2760 1038 2834 ferroque
1060 2763 1203 2817 nocentius

134 2855 267 2914 proroget.
275 2844 365 2896 ltader.
685 2860 809 2896 aurumn.
817 2840 897 2895 ovid.
909 2842 1018 2895 Metam.
1032 2840 1079 2894 tib.
1092 2842 1122 2906 1,
1132 2848 1200 2904 141.

176 2922 576 2995 1.Antiqui,etc.Saturne‚ruh
586 2940 642 2992 quo
727 2942 753 2992 7.
781 2923 819 2975 Tu
846 2922 953 2975 κώπη
975 2924 1073 2990 putria.
1097 2921 1202 2992 Nempe

132 3021 210 3055 aurea
226 3003 270 3055 illa
286 3016 361 3062 utar,
376 3020 482 3065 secura,
498 3002 640 3063 innocens,
686 3001 929 3073 postuexennium,
939 3018 1031 3053 mense
1041 3000 1203 3063 Decembri,

132 3083 238 3155 quieta,
255 3093 306 3136 etc.
322 3083 357 3134 Et
375 3083 479 3152 Antiqui
493 3082 547 3151 poli
566 3099 643 3149 regem
686 3083 719 3135 ab
731 3082 798 3133 urbo
809 3081 932 3133 Romaiu
945 3079 1102 3151 Hispaniam
1112 3096 1203 3133 mer·

132 3163 247 3234 appellat
256 3160 419 3225 Saturnum,
428 3159 502 3232 quod
513 3161 644 3213 Saturnus
687 3180 730 3213 suu
739 3174 778 3213 eut
789 3160 906 3215 Priscus,

133 3255 195 3296 aute
209 3243 305 3297 lovem
323 3243 387 3297 caelo
403 3240 613 3312 imperitarerit,
629 3259 643 3291 a
728 3242 755 3297 8.
767 3237 868 3308 Pacifici
878 3239 1038 3303 NmQui
1049 3237 1202 3292 nullabnlla

132 3324 199 3375 Jove
214 3321 271 3374 lilio
283 3334 373 3392 postea
391 3332 499 3373 exuatur
511 3319 643 3389 imperio,
686 3319 779 3390 gessit,
799 3317 846 3372 aed
866 3330 953 3372 totum
969 3336 997 3371 se
1016 3317 1203 3388 populumque

135 3416 161 3455 et
174 3400 337 3455 deturbatus.
687 3398 860 3469 religionibus
875 3396 949 3451 dedit
964 3409 991 3450 et
1005 3395 1161 3450 obstrinxit.

177 3481 298 3534 a.Somno
310 3476 643 3551 proSubquoood.Bever·-
728 3499 754 3548 9.
776 3479 878 3547 Pomm.
900 3478 959 3530 Huc
981 3489 1037 3539 eet,
1057 3480 1203 3546 apparatus

134 3557 347 3629 land-Pigra
355 3563 428 3631 quies.
438 3563 556 3611 Aureum
565 3558 643 3629 quip-
687 3558 773 3611 uernis
796 3569 883 3609 tantur
907 3569 947 3609 eut
970 3556 998 3608 in
1016 3554 1144 3626 Hiupania
1169 3554 1202 3607 ad

135 3661 168 3711 pe
184 3638 291 3692 Saturni
308 3639 431 3693 seculum
447 3638 527 3691 luisse
546 3650 645 3690 canunt
688 3633 846 3690 celebranda
861 3635 1027 3699 Saturnalia,
1043 3645 1160 3704 quantus
1175 3635 1201 3687 in

137 3729 230 3789 poeto.
688 3718 781 3770 Romae
797 3716 880 3786 ipsius
893 3715 1034 3767 moenibus.

175 3798 202 3849 3.
223 3798 301 3865 Digni
318 3798 398 3850 Palat.
419 3829 456 3840 -
478 3798 529 3849 Nec
542 3798 645 3863 srthniue
732 3816 775 3850 ιι.
793 3796 887 3865 Quanti
906 3814 958 3865 pru
979 3794 1060 3862 Quum
1077 3810 1125 3842 uun
1143 3792 1202 3847 MS.

133 3879 218 3945 dignu.
234 3877 336 3930 seelera
350 3878 421 3929 euim
436 3889 500 3930 tunc
515 3895 570 3927 nou
584 3895 644 3946 per·
689 3877 979 3945 Beverl.-Largoeque
986 3877 1136 3924 nomumata.
1146 3871 1204 3923 lloc

134 3953 643 4026 ¹patrabanturdigna[nimiumurendam
689 3970 743 4017 rat,
758 3974 836 4025 quam
849 3955 931 4008 multa
943 3953 1055 4023 pecunia
1067 3949 1204 4021 impenda-
