<?xml version="1.0" encoding="UTF-8"?>
<!DOCTYPE html PUBLIC "-//W3C//DTD XHTML 1.0 Transitional//EN"
    "http://www.w3.org/TR/xhtml1/DTD/xhtml1-transitional.dtd">
<html xmlns="http://www.w3.org/1999/xhtml" xml:lang="en" lang="en">
 <head>
  <title>
</title>
<meta http-equiv="Content-Type" content="text/html;charset=utf-8" />
  <meta name='ocr-system' content='tesseract 3.04.00' />
  <meta name='ocr-capabilities' content='ocr_page ocr_carea ocr_par ocr_line ocrx_word'/>
</head>
<body>
  <div class='ocr_page' id='page_1' title='image "bibliothecaclas66lemagoog_0060.png"; bbox 0 0 2670 4808; ppageno 0'>
   <div class='ocr_carea' id='block_1_1' title="bbox 263 360 1139 455">
    <p class='ocr_par' dir='ltr' id='par_1_1' title="bbox 263 360 1139 455">
     <span class='ocr_line' id='line_1_1' title="bbox 263 360 1139 455; baseline 0.016 -27"><span class='ocrx_word' id='word_1_1' title='bbox 263 360 714 433; x_wconf 83' lang='lat' dir='ltr'><strong>EPIGRAMMATUM</strong></span> <span class='ocrx_word' id='word_1_2' title='bbox 742 365 836 434; x_wconf 92' lang='lat' dir='ltr'><strong>LIB.</strong></span> <span class='ocrx_word' id='word_1_3' title='bbox 866 369 953 436; x_wconf 83' lang='lat' dir='ltr'>xll.</span> <span class='ocrx_word' id='word_1_4' title='bbox 1091 369 1139 455; x_wconf 70' lang='lat'>45</span> 
     </span>
    </p>
   </div>
   <div class='ocr_carea' id='block_1_2' title="bbox 563 590 644 677">
    <p class='ocr_par' dir='ltr' id='par_1_2' title="bbox 563 590 644 677">
     <span class='ocr_line' id='line_1_2' title="bbox 563 590 644 677; baseline -0.012 0"><span class='ocrx_word' id='word_1_5' title='bbox 563 590 644 677; x_wconf 86' lang='lat' dir='ltr'>LI.</span> 
     </span>
    </p>
   </div>
   <div class='ocr_carea' id='block_1_3' title="bbox 464 825 736 873">
    <p class='ocr_par' dir='ltr' id='par_1_3' title="bbox 464 825 736 873">
     <span class='ocr_line' id='line_1_3' title="bbox 464 825 736 873; baseline 0 -3"><span class='ocrx_word' id='word_1_6' title='bbox 464 825 514 870; x_wconf 84' lang='lat' dir='ltr'>DE</span> <span class='ocrx_word' id='word_1_7' title='bbox 542 825 736 873; x_wconf 75' lang='lat' dir='ltr'>FABULLO.</span> 
     </span>
    </p>
   </div>
   <div class='ocr_carea' id='block_1_4' title="bbox 175 1007 998 1209">
    <p class='ocr_par' dir='ltr' id='par_1_4' title="bbox 175 1007 998 1209">
     <span class='ocr_line' id='line_1_4' title="bbox 176 1007 895 1104; baseline 0.007 -28"><span class='ocrx_word' id='word_1_8' title='bbox 176 1010 257 1077; x_wconf 70' lang='grc' dir='ltr'>ΤΑΜ</span> <span class='ocrx_word' id='word_1_9' title='bbox 274 1033 361 1104; x_wconf 80' lang='lat' dir='ltr'>saepc</span> <span class='ocrx_word' id='word_1_10' title='bbox 375 1020 525 1077; x_wconf 88' lang='lat' dir='ltr'>nostrum</span> <span class='ocrx_word' id='word_1_11' title='bbox 542 1008 648 1103; x_wconf 86' lang='lat' dir='ltr'><strong>decipi</strong></span> <span class='ocrx_word' id='word_1_12' title='bbox 668 1007 895 1096; x_wconf 84' lang='lat' dir='ltr'><strong>Fabullinum,</strong></span> 
     </span>
     <span class='ocr_line' id='line_1_5' title="bbox 175 1113 998 1209; baseline 0.004 -26"><span class='ocrx_word' id='word_1_13' title='bbox 175 1115 321 1198; x_wconf 84' lang='lat' dir='ltr'>Miraris,</span> <span class='ocrx_word' id='word_1_14' title='bbox 341 1113 444 1183; x_wconf 77' lang='lat' dir='ltr'>Aule?</span> <span class='ocrx_word' id='word_1_15' title='bbox 462 1139 593 1209; x_wconf 85' lang='lat' dir='ltr'>semper</span> <span class='ocrx_word' id='word_1_16' title='bbox 607 1116 711 1184; x_wconf 89' lang='lat' dir='ltr'>homo</span> <span class='ocrx_word' id='word_1_17' title='bbox 728 1114 836 1185; x_wconf 85' lang='lat' dir='ltr'>bonus</span> <span class='ocrx_word' id='word_1_18' title='bbox 854 1119 920 1186; x_wconf 89' lang='lat' dir='ltr'>tiro</span> <span class='ocrx_word' id='word_1_19' title='bbox 938 1128 998 1188; x_wconf 85' lang='lat' dir='ltr'>est.</span> 
     </span>
    </p>
   </div>
   <div class='ocr_carea' id='block_1_5' title="bbox 10 1320 1133 1714">
    <p class='ocr_par' dir='ltr' id='par_1_5' title="bbox 10 1320 1133 1714">
     <span class='ocr_line' id='line_1_6' title="bbox 118 1320 1133 1400; baseline 0.012 -30"><span class='ocrx_word' id='word_1_20' title='bbox 118 1336 132 1372; x_wconf 87' lang='lat'>1.</span> <span class='ocrx_word' id='word_1_21' title='bbox 140 1320 257 1375; x_wconf 78' lang='lat' dir='ltr'>Fabullum</span> <span class='ocrx_word' id='word_1_22' title='bbox 265 1320 328 1376; x_wconf 84' lang='lat' dir='ltr'>edd.</span> <span class='ocrx_word' id='word_1_23' title='bbox 337 1335 401 1376; x_wconf 79' lang='lat' dir='ltr'>vett</span> <span class='ocrx_word' id='word_1_24' title='bbox 411 1320 576 1378; x_wconf 71' lang='lat' dir='ltr'>claudicante</span> <span class='ocrx_word' id='word_1_25' title='bbox 620 1323 733 1395; x_wconf 81' lang='lat' dir='ltr'>simplex</span> <span class='ocrx_word' id='word_1_26' title='bbox 752 1342 857 1396; x_wconf 76' lang='lat' dir='ltr'>semper</span> <span class='ocrx_word' id='word_1_27' title='bbox 877 1323 1021 1397; x_wconf 77' lang='lat' dir='ltr'>decipitur,</span> <span class='ocrx_word' id='word_1_28' title='bbox 1038 1337 1133 1400; x_wconf 77' lang='lat' dir='ltr'>utpote</span> 
     </span>
     <span class='ocr_line' id='line_1_7' title="bbox 12 1404 1131 1479; baseline 0.009 -28"><span class='ocrx_word' id='word_1_29' title='bbox 12 1466 16 1471; x_wconf 15' lang='grc' dir='ltr'><strong><em>ἡ</em></strong></span> <span class='ocrx_word' id='word_1_30' title='bbox 93 1404 574 1474; x_wconf 81' lang='lat' dir='ltr'>tttptumjamnomeut&#39;erenteacawue.</span> <span class='ocrx_word' id='word_1_31' title='bbox 619 1404 666 1474; x_wconf 88' lang='lat' dir='ltr'>qui</span> <span class='ocrx_word' id='word_1_32' title='bbox 685 1404 744 1457; x_wconf 85' lang='lat' dir='ltr'>aliia</span> <span class='ocrx_word' id='word_1_33' title='bbox 760 1424 816 1457; x_wconf 89' lang='lat' dir='ltr'>non</span> <span class='ocrx_word' id='word_1_34' title='bbox 834 1404 956 1472; x_wconf 57' lang='lat' dir='ltr'>diffidam</span> <span class='ocrx_word' id='word_1_35' title='bbox 973 1425 1062 1479; x_wconf 85' lang='lat' dir='ltr'>neque</span> <span class='ocrx_word' id='word_1_36' title='bbox 1080 1427 1131 1461; x_wconf 87' lang='lat' dir='ltr'>un·</span> 
     </span>
     <span class='ocr_line' id='line_1_8' title="bbox 10 1474 1130 1558; baseline 0.007 -26"><span class='ocrx_word' id='word_1_37' title='bbox 10 1474 16 1485; x_wconf 70' lang='grc'><strong>”</strong></span> <span class='ocrx_word' id='word_1_38' title='bbox 121 1500 139 1532; x_wconf 82' lang='lat' dir='ltr'>r.</span> <span class='ocrx_word' id='word_1_39' title='bbox 149 1483 223 1534; x_wconf 78' lang='lat' dir='ltr'>Homo</span> <span class='ocrx_word' id='word_1_40' title='bbox 241 1484 317 1535; x_wconf 78' lang='lat' dir='ltr'>bom</span> <span class='ocrx_word' id='word_1_41' title='bbox 329 1482 476 1536; x_wconf 78' lang='lat' dir='ltr'>Scriverius</span> <span class='ocrx_word' id='word_1_42' title='bbox 491 1483 573 1554; x_wconf 77' lang='lat' dir='ltr'>legit3</span> <span class='ocrx_word' id='word_1_43' title='bbox 618 1501 699 1554; x_wconf 86' lang='lat' dir='ltr'>quam</span> <span class='ocrx_word' id='word_1_44' title='bbox 714 1482 785 1555; x_wconf 86' lang='lat' dir='ltr'>apud</span> <span class='ocrx_word' id='word_1_45' title='bbox 798 1485 899 1539; x_wconf 79' lang='lat' dir='ltr'>vicium</span> <span class='ocrx_word' id='word_1_46' title='bbox 914 1499 1084 1558; x_wconf 85' lang='lat' dir='ltr'>reperturum</span> <span class='ocrx_word' id='word_1_47' title='bbox 1101 1507 1130 1541; x_wconf 81' lang='lat' dir='ltr'>re</span> 
     </span>
     <span class='ocr_line' id='line_1_9' title="bbox 87 1559 1129 1635; baseline 0.01 -25"><span class='ocrx_word' id='word_1_48' title='bbox 87 1559 180 1627; x_wconf 76' lang='lat' dir='ltr'>&#39;quotliu</span> <span class='ocrx_word' id='word_1_49' title='bbox 193 1574 295 1616; x_wconf 82' lang='lat' dir='ltr'>textum</span> <span class='ocrx_word' id='word_1_50' title='bbox 305 1563 406 1634; x_wconf 82' lang='lat' dir='ltr'>recepit</span> <span class='ocrx_word' id='word_1_51' title='bbox 419 1563 573 1616; x_wconf 71' lang='lat' dir='ltr'>Barbam-</span> <span class='ocrx_word' id='word_1_52' title='bbox 616 1563 752 1618; x_wconf 75' lang='lat' dir='ltr'>existimet</span> <span class='ocrx_word' id='word_1_53' title='bbox 771 1583 853 1635; x_wconf 87' lang='lat' dir='ltr'>quam</span> <span class='ocrx_word' id='word_1_54' title='bbox 871 1584 926 1619; x_wconf 87' lang='lat' dir='ltr'>non</span> <span class='ocrx_word' id='word_1_55' title='bbox 949 1566 977 1619; x_wconf 84' lang='lat' dir='ltr'>in</span> <span class='ocrx_word' id='word_1_56' title='bbox 999 1584 1027 1620; x_wconf 78' lang='lat' dir='ltr'>re</span> <span class='ocrx_word' id='word_1_57' title='bbox 1049 1567 1129 1621; x_wconf 79' lang='lat' dir='ltr'>babet</span> 
     </span>
     <span class='ocr_line' id='line_1_10' title="bbox 93 1639 824 1714; baseline 0.01 -24"><span class='ocrx_word' id='word_1_58' title='bbox 93 1639 134 1690; x_wconf 78' lang='lat' dir='ltr'>lim</span> <span class='ocrx_word' id='word_1_59' title='bbox 150 1655 191 1696; x_wconf 78' lang='lat' dir='ltr'>est.</span> <span class='ocrx_word' id='word_1_60' title='bbox 217 1643 276 1696; x_wconf 81' lang='lat' dir='ltr'>lloc</span> <span class='ocrx_word' id='word_1_61' title='bbox 300 1654 352 1706; x_wconf 80' lang='lat' dir='ltr'>eat,</span> <span class='ocrx_word' id='word_1_62' title='bbox 370 1644 412 1695; x_wconf 81' lang='lat' dir='ltr'>vir</span> <span class='ocrx_word' id='word_1_63' title='bbox 426 1643 527 1713; x_wconf 83' lang='lat' dir='ltr'>probur</span> <span class='ocrx_word' id='word_1_64' title='bbox 546 1655 573 1697; x_wconf 84' lang='lat' dir='ltr'>et</span> <span class='ocrx_word' id='word_1_65' title='bbox 617 1643 824 1714; x_wconf 80' lang='lat' dir='ltr'>improbitatem.</span> 
     </span>
    </p>
   </div>
   <div class='ocr_carea' id='block_1_6' title="bbox 541 1844 643 1930">
    <p class='ocr_par' dir='ltr' id='par_1_6' title="bbox 541 1844 643 1930">
     <span class='ocr_line' id='line_1_11' title="bbox 541 1844 643 1930; baseline 0 0"><span class='ocrx_word' id='word_1_66' title='bbox 541 1844 643 1930; x_wconf 88' lang='lat' dir='ltr'><strong>LII.</strong></span> 
     </span>
    </p>
   </div>
   <div class='ocr_carea' id='block_1_7' title="bbox 411 2080 775 2128">
    <p class='ocr_par' dir='ltr' id='par_1_7' title="bbox 411 2080 775 2128">
     <span class='ocr_line' id='line_1_12' title="bbox 411 2080 775 2128; baseline -0.011 -1"><span class='ocrx_word' id='word_1_67' title='bbox 411 2082 462 2127; x_wconf 75' lang='lat' dir='ltr'>AD</span> <span class='ocrx_word' id='word_1_68' title='bbox 491 2080 775 2128; x_wconf 63' lang='lat' dir='ltr'>summotum.</span> 
     </span>
    </p>
   </div>
   <div class='ocr_carea' id='block_1_8' title="bbox 107 2266 1018 2788">
    <p class='ocr_par' dir='ltr' id='par_1_8' title="bbox 115 2266 883 2459">
     <span class='ocr_line' id='line_1_13' title="bbox 115 2266 882 2352; baseline -0.008 -13"><span class='ocrx_word' id='word_1_69' title='bbox 115 2271 286 2339; x_wconf 76' lang='lat' dir='ltr'>Trmrora</span> <span class='ocrx_word' id='word_1_70' title='bbox 308 2269 415 2336; x_wconf 82' lang='lat' dir='ltr'>Pieria</span> <span class='ocrx_word' id='word_1_71' title='bbox 433 2266 548 2335; x_wconf 88' lang='lat' dir='ltr'>solitus</span> <span class='ocrx_word' id='word_1_72' title='bbox 569 2266 723 2335; x_wconf 81' lang='lat' dir='ltr'>redimire</span> <span class='ocrx_word' id='word_1_73' title='bbox 741 2290 882 2352; x_wconf 86' lang='lat' dir='ltr'>corona,</span> 
     </span>
     <span class='ocr_line' id='line_1_14' title="bbox 161 2371 883 2459; baseline -0.003 -16"><span class='ocrx_word' id='word_1_74' title='bbox 161 2380 231 2446; x_wconf 87' lang='lat' dir='ltr'>Nec</span> <span class='ocrx_word' id='word_1_75' title='bbox 248 2377 358 2444; x_wconf 89' lang='lat' dir='ltr'>minus</span> <span class='ocrx_word' id='word_1_76' title='bbox 376 2376 522 2443; x_wconf 84' lang='lat' dir='ltr'>attonitis</span> <span class='ocrx_word' id='word_1_77' title='bbox 538 2398 604 2441; x_wconf 86' lang='lat' dir='ltr'>vox</span> <span class='ocrx_word' id='word_1_78' title='bbox 621 2371 785 2441; x_wconf 81' lang='lat' dir='ltr'>celebrata</span> <span class='ocrx_word' id='word_1_79' title='bbox 804 2375 883 2459; x_wconf 86' lang='lat' dir='ltr'>reis,</span> 
     </span>
    </p>

    <p class='ocr_par' dir='ltr' id='par_1_9' title="bbox 111 2478 1018 2683">
     <span class='ocr_line' id='line_1_15' title="bbox 111 2478 1018 2572; baseline -0.006 -22"><span class='ocrx_word' id='word_1_80' title='bbox 111 2484 170 2552; x_wconf 89' lang='lat' dir='ltr'>llic</span> <span class='ocrx_word' id='word_1_81' title='bbox 188 2485 269 2553; x_wconf 81' lang='lat' dir='ltr'>situs</span> <span class='ocrx_word' id='word_1_82' title='bbox 287 2496 354 2569; x_wconf 86' lang='lat' dir='ltr'>est,</span> <span class='ocrx_word' id='word_1_83' title='bbox 369 2480 425 2549; x_wconf 87' lang='lat' dir='ltr'>hic</span> <span class='ocrx_word' id='word_1_84' title='bbox 439 2478 492 2548; x_wconf 88' lang='lat' dir='ltr'>ille</span> <span class='ocrx_word' id='word_1_85' title='bbox 508 2495 602 2563; x_wconf 87' lang='lat' dir='ltr'>tuus,</span> <span class='ocrx_word' id='word_1_86' title='bbox 617 2480 829 2572; x_wconf 84' lang='lat' dir='ltr'>Sempronia,</span> <span class='ocrx_word' id='word_1_87' title='bbox 845 2479 973 2563; x_wconf 79' lang='lat' dir='ltr'>Rufus3</span> <span class='ocrx_word' id='word_1_88' title='bbox 1014 2538 1018 2545; x_wconf 90' lang='lat'><em>.</em></span> 
     </span>
     <span class='ocr_line' id='line_1_16' title="bbox 159 2585 853 2683; baseline -0.006 -26"><span class='ocrx_word' id='word_1_89' title='bbox 159 2590 265 2681; x_wconf 84' lang='lat' dir='ltr'>Cujus</span> <span class='ocrx_word' id='word_1_90' title='bbox 286 2603 320 2658; x_wconf 88' lang='lat' dir='ltr'>et</span> <span class='ocrx_word' id='word_1_91' title='bbox 341 2590 410 2683; x_wconf 83' lang='lat' dir='ltr'>ipse</span> <span class='ocrx_word' id='word_1_92' title='bbox 430 2588 478 2655; x_wconf 91' lang='lat' dir='ltr'>tui</span> <span class='ocrx_word' id='word_1_93' title='bbox 497 2585 615 2680; x_wconf 84' lang='lat' dir='ltr'>ssagrat</span> <span class='ocrx_word' id='word_1_94' title='bbox 634 2609 748 2653; x_wconf 86' lang='lat' dir='ltr'>amore</span> <span class='ocrx_word' id='word_1_95' title='bbox 764 2586 853 2653; x_wconf 67' lang='lat' dir='ltr'>cinis„</span> 
     </span>
    </p>

    <p class='ocr_par' dir='ltr' id='par_1_10' title="bbox 107 2690 841 2788">
     <span class='ocr_line' id='line_1_17' title="bbox 107 2690 841 2788; baseline -0.007 -25"><span class='ocrx_word' id='word_1_96' title='bbox 107 2693 223 2763; x_wconf 89' lang='lat' dir='ltr'>Dulcis</span> <span class='ocrx_word' id='word_1_97' title='bbox 237 2696 272 2762; x_wconf 88' lang='lat' dir='ltr'>in</span> <span class='ocrx_word' id='word_1_98' title='bbox 287 2693 398 2788; x_wconf 88' lang='lat' dir='ltr'>Elysio</span> <span class='ocrx_word' id='word_1_99' title='bbox 415 2693 558 2761; x_wconf 84' lang='lat' dir='ltr'>narraris</span> <span class='ocrx_word' id='word_1_100' title='bbox 574 2690 684 2759; x_wconf 79' lang='lat' dir='ltr'>fabula</span> <span class='ocrx_word' id='word_1_101' title='bbox 704 2714 841 2785; x_wconf 85' lang='lat' dir='ltr'>cumpo,</span> 
     </span>
    </p>
   </div>
   <div class='ocr_carea' id='block_1_9' title="bbox 101 2898 932 3427">
    <p class='ocr_par' dir='ltr' id='par_1_11' title="bbox 101 2898 932 3427">
     <span class='ocr_line' id='line_1_18' title="bbox 104 2898 837 3001; baseline -0.008 -25"><span class='ocrx_word' id='word_1_102' title='bbox 104 2911 267 3001; x_wconf 65' lang='grc' dir='ltr'>Στέμμασι</span> <span class='ocrx_word' id='word_1_103' title='bbox 285 2907 415 3001; x_wconf 76' lang='grc' dir='ltr'>Πιερίοις</span> <span class='ocrx_word' id='word_1_104' title='bbox 432 2907 541 2984; x_wconf 77' lang='grc' dir='ltr'><strong>εἰωθὼς</strong></span> <span class='ocrx_word' id='word_1_105' title='bbox 559 2909 660 2997; x_wconf 79' lang='grc' dir='ltr'>κρᾶτα</span> <span class='ocrx_word' id='word_1_106' title='bbox 678 2898 837 2987; x_wconf 58' lang='lat' dir='ltr'>marlai,</span> 
     </span>
     <span class='ocr_line' id='line_1_19' title="bbox 157 3000 865 3109; baseline -0.011 -26"><span class='ocrx_word' id='word_1_107' title='bbox 157 3000 186 3083; x_wconf 79' lang='lat' dir='ltr'>H</span> <span class='ocrx_word' id='word_1_108' title='bbox 205 3018 353 3093; x_wconf 76' lang='grc' dir='ltr'>πελάταις</span> <span class='ocrx_word' id='word_1_109' title='bbox 371 3017 493 3109; x_wconf 77' lang='grc' dir='ltr'>γνωστὴ</span> <span class='ocrx_word' id='word_1_110' title='bbox 512 3019 636 3107; x_wconf 80' lang='grc' dir='ltr'>γλῶσσα</span> <span class='ocrx_word' id='word_1_111' title='bbox 654 3004 865 3103; x_wconf 73' lang='grc' dir='ltr'><strong>διωκομένοις,</strong></span> 
     </span>
     <span class='ocr_line' id='line_1_20' title="bbox 102 3106 932 3211; baseline -0.006 -23"><span class='ocrx_word' id='word_1_112' title='bbox 102 3123 211 3200; x_wconf 78' lang='grc' dir='ltr'><strong>Κεῖνος</strong></span> <span class='ocrx_word' id='word_1_113' title='bbox 230 3127 247 3189; x_wconf 85' lang='grc' dir='ltr'>ὁ</span> <span class='ocrx_word' id='word_1_114' title='bbox 262 3123 314 3200; x_wconf 80' lang='grc' dir='ltr'>σὸς</span> <span class='ocrx_word' id='word_1_115' title='bbox 331 3106 466 3210; x_wconf 66' lang='grc' dir='ltr'>Ῥοῦφος,</span> <span class='ocrx_word' id='word_1_116' title='bbox 484 3119 681 3211; x_wconf 81' lang='grc' dir='ltr'><strong>Σεμπρωνία,</strong></span> <span class='ocrx_word' id='word_1_117' title='bbox 697 3109 803 3185; x_wconf 74' lang='grc' dir='ltr'>ἐνθάδε</span> <span class='ocrx_word' id='word_1_118' title='bbox 821 3123 932 3185; x_wconf 82' lang='grc' dir='ltr'>κεῖται·</span> 
     </span>
     <span class='ocr_line' id='line_1_21' title="bbox 157 3222 802 3318; baseline -0.005 -26"><span class='ocrx_word' id='word_1_119' title='bbox 157 3226 206 3294; x_wconf 75' lang='lat' dir='ltr'>ol</span> <span class='ocrx_word' id='word_1_120' title='bbox 222 3226 275 3293; x_wconf 83' lang='grc' dir='ltr'>καὶ</span> <span class='ocrx_word' id='word_1_121' title='bbox 295 3236 463 3318; x_wconf 80' lang='grc' dir='ltr'>πυρσοῦται</span> <span class='ocrx_word' id='word_1_122' title='bbox 480 3222 611 3314; x_wconf 76' lang='grc' dir='ltr'>λείψανα</span> <span class='ocrx_word' id='word_1_123' title='bbox 628 3232 689 3292; x_wconf 79' lang='grc' dir='ltr'>σεῖο</span> <span class='ocrx_word' id='word_1_124' title='bbox 705 3224 802 3311; x_wconf 85' lang='grc' dir='ltr'><strong>πόθῳ.</strong></span> 
     </span>
     <span class='ocr_line' id='line_1_22' title="bbox 101 3317 901 3427; baseline -0.006 -28"><span class='ocrx_word' id='word_1_125' title='bbox 101 3334 239 3427; x_wconf 73' lang='grc' dir='ltr'>Τερπνὸς</span> <span class='ocrx_word' id='word_1_126' title='bbox 259 3336 288 3398; x_wconf 81' lang='grc' dir='ltr'>ἐν</span> <span class='ocrx_word' id='word_1_127' title='bbox 311 3317 435 3418; x_wconf 71' lang='grc' dir='ltr'>Ηλυσίῳ</span> <span class='ocrx_word' id='word_1_128' title='bbox 453 3323 549 3413; x_wconf 76' lang='grc' dir='ltr'>πεδίῳ</span> <span class='ocrx_word' id='word_1_129' title='bbox 568 3332 747 3426; x_wconf 80' lang='grc' dir='ltr'>θρυλλισμὸς</span> <span class='ocrx_word' id='word_1_130' title='bbox 768 3332 901 3407; x_wconf 78' lang='grc' dir='ltr'>ἀκούεις·</span> 
     </span>
    </p>
   </div>
   <div class='ocr_carea' id='block_1_10' title="bbox 48 3536 1129 4090">
    <p class='ocr_par' dir='ltr' id='par_1_12' title="bbox 48 3536 1129 4090">
     <span class='ocr_line' id='line_1_23' title="bbox 87 3536 1122 3615; baseline -0.004 -18"><span class='ocrx_word' id='word_1_131' title='bbox 87 3536 101 3561; x_wconf 86' lang='lat'>&#39;</span> <span class='ocrx_word' id='word_1_132' title='bbox 123 3541 271 3615; x_wconf 78' lang='lat' dir='ltr'>Epitaphio</span> <span class='ocrx_word' id='word_1_133' title='bbox 294 3554 409 3596; x_wconf 88' lang='lat' dir='ltr'>mortem</span> <span class='ocrx_word' id='word_1_134' title='bbox 433 3542 513 3605; x_wconf 84' lang='lat' dir='ltr'>Rufi,</span> <span class='ocrx_word' id='word_1_135' title='bbox 537 3554 565 3594; x_wconf 85' lang='lat' dir='ltr'>et</span> <span class='ocrx_word' id='word_1_136' title='bbox 652 3561 676 3594; x_wconf 85' lang='lat' dir='ltr'>r.</span> <span class='ocrx_word' id='word_1_137' title='bbox 695 3543 813 3610; x_wconf 83' lang='lat' dir='ltr'>Tempora</span> <span class='ocrx_word' id='word_1_138' title='bbox 827 3542 919 3592; x_wconf 79' lang='lat' dir='ltr'>Pieria.</span> <span class='ocrx_word' id='word_1_139' title='bbox 936 3538 1021 3592; x_wconf 84' lang='lat' dir='ltr'>llusm</span> <span class='ocrx_word' id='word_1_140' title='bbox 1043 3554 1122 3612; x_wconf 84' lang='lat' dir='ltr'>poeta</span> 
     </span>
     <span class='ocr_line' id='line_1_24' title="bbox 50 3620 1121 3695; baseline -0.002 -19"><span class='ocrx_word' id='word_1_141' title='bbox 50 3622 215 3695; x_wconf 69' lang='lat' dir='ltr'>Sempronia</span> <span class='ocrx_word' id='word_1_142' title='bbox 247 3640 308 3693; x_wconf 81' lang='lat' dir='ltr'>erga</span> <span class='ocrx_word' id='word_1_143' title='bbox 339 3622 440 3676; x_wconf 76' lang='lat' dir='ltr'>Rufum</span> <span class='ocrx_word' id='word_1_144' title='bbox 476 3622 566 3674; x_wconf 83' lang='lat' dir='ltr'>virum</span> <span class='ocrx_word' id='word_1_145' title='bbox 609 3621 678 3685; x_wconf 79' lang='lat' dir='ltr'>tuit,</span> <span class='ocrx_word' id='word_1_146' title='bbox 703 3633 782 3691; x_wconf 79' lang='lat' dir='ltr'>utque</span> <span class='ocrx_word' id='word_1_147' title='bbox 807 3633 899 3672; x_wconf 86' lang='lat' dir='ltr'>orator</span> <span class='ocrx_word' id='word_1_148' title='bbox 921 3620 1053 3687; x_wconf 83' lang='lat' dir='ltr'>celebria,</span> <span class='ocrx_word' id='word_1_149' title='bbox 1074 3622 1121 3693; x_wconf 90' lang='lat' dir='ltr'>qui</span> 
     </span>
     <span class='ocr_line' id='line_1_25' title="bbox 49 3697 964 3771; baseline -0.002 -16"><span class='ocrx_word' id='word_1_150' title='bbox 49 3721 167 3757; x_wconf 85' lang='lat' dir='ltr'>amorem</span> <span class='ocrx_word' id='word_1_151' title='bbox 194 3715 222 3756; x_wconf 81' lang='lat' dir='ltr'>et</span> <span class='ocrx_word' id='word_1_152' title='bbox 247 3700 329 3755; x_wconf 81' lang='lat' dir='ltr'>fldem</span> <span class='ocrx_word' id='word_1_153' title='bbox 351 3702 487 3762; x_wconf 82' lang='lat' dir='ltr'>celebrat,</span> <span class='ocrx_word' id='word_1_154' title='bbox 507 3719 567 3771; x_wconf 81' lang='lat' dir='ltr'>quar</span> <span class='ocrx_word' id='word_1_155' title='bbox 610 3719 708 3771; x_wconf 81' lang='lat' dir='ltr'>nempe</span> <span class='ocrx_word' id='word_1_156' title='bbox 722 3719 781 3753; x_wconf 76' lang='lat' dir='ltr'>reor</span> <span class='ocrx_word' id='word_1_157' title='bbox 798 3697 964 3753; x_wconf 74' lang='lat' dir='ltr'>defenderet.</span> 
     </span>
     <span class='ocr_line' id='line_1_26' title="bbox 49 3778 1125 3854; baseline -0.001 -19"><span class='ocrx_word' id='word_1_158' title='bbox 49 3796 125 3854; x_wconf 85' lang='lat' dir='ltr'>rapta</span> <span class='ocrx_word' id='word_1_159' title='bbox 143 3783 178 3835; x_wconf 91' lang='lat' dir='ltr'>ab</span> <span class='ocrx_word' id='word_1_160' title='bbox 197 3795 316 3835; x_wconf 83' lang='lat' dir='ltr'>amatore</span> <span class='ocrx_word' id='word_1_161' title='bbox 337 3780 419 3835; x_wconf 86' lang='lat' dir='ltr'>rediit</span> <span class='ocrx_word' id='word_1_162' title='bbox 437 3780 471 3833; x_wconf 85' lang='lat' dir='ltr'>ad</span> <span class='ocrx_word' id='word_1_163' title='bbox 486 3781 566 3832; x_wconf 84' lang='lat' dir='ltr'>mari·</span> <span class='ocrx_word' id='word_1_164' title='bbox 651 3787 677 3844; x_wconf 72' lang='grc'>4.</span> <span class='ocrx_word' id='word_1_165' title='bbox 693 3780 769 3848; x_wconf 78' lang='lat' dir='ltr'>Cujus</span> <span class='ocrx_word' id='word_1_166' title='bbox 792 3792 815 3830; x_wconf 81' lang='lat' dir='ltr'>et</span> <span class='ocrx_word' id='word_1_167' title='bbox 835 3783 884 3849; x_wconf 79' lang='lat' dir='ltr'>ipse</span> <span class='ocrx_word' id='word_1_168' title='bbox 904 3784 955 3841; x_wconf 77' lang='lat' dir='ltr'>tui,</span> <span class='ocrx_word' id='word_1_169' title='bbox 973 3790 1024 3835; x_wconf 88' lang='lat' dir='ltr'>etc.</span> <span class='ocrx_word' id='word_1_170' title='bbox 1041 3778 1125 3846; x_wconf 84' lang='lat' dir='ltr'>Quod</span> 
     </span>
     <span class='ocr_line' id='line_1_27' title="bbox 48 3856 1086 3931; baseline -0.002 -16"><span class='ocrx_word' id='word_1_171' title='bbox 48 3874 120 3927; x_wconf 84' lang='lat' dir='ltr'>tum,</span> <span class='ocrx_word' id='word_1_172' title='bbox 139 3860 286 3916; x_wconf 75' lang='lat' dir='ltr'>octendeur</span> <span class='ocrx_word' id='word_1_173' title='bbox 305 3879 333 3914; x_wconf 77' lang='lat' dir='ltr'>rc</span> <span class='ocrx_word' id='word_1_174' title='bbox 354 3862 466 3915; x_wconf 82' lang='lat' dir='ltr'>invitum</span> <span class='ocrx_word' id='word_1_175' title='bbox 486 3860 567 3912; x_wconf 67' lang='lat' dir='ltr'>suinae</span> <span class='ocrx_word' id='word_1_176' title='bbox 610 3872 685 3930; x_wconf 80' lang='lat' dir='ltr'>rupta</span> <span class='ocrx_word' id='word_1_177' title='bbox 700 3856 733 3911; x_wconf 91' lang='lat' dir='ltr'>ad</span> <span class='ocrx_word' id='word_1_178' title='bbox 744 3857 846 3911; x_wconf 76' lang='lat' dir='ltr'>Rufum</span> <span class='ocrx_word' id='word_1_179' title='bbox 860 3873 955 3931; x_wconf 83' lang='lat' dir='ltr'>apoute</span> <span class='ocrx_word' id='word_1_180' title='bbox 968 3858 1086 3914; x_wconf 79' lang='lat' dir='ltr'>redierit</span> 
     </span>
     <span class='ocr_line' id='line_1_28' title="bbox 48 3939 1128 4012; baseline 0 -19"><span class='ocrx_word' id='word_1_181' title='bbox 48 3941 215 4008; x_wconf 82' lang='lat' dir='ltr'>abductam,</span> <span class='ocrx_word' id='word_1_182' title='bbox 238 3953 282 3995; x_wconf 84' lang='lat' dir='ltr'>aut</span> <span class='ocrx_word' id='word_1_183' title='bbox 311 3953 384 3995; x_wconf 87' lang='lat' dir='ltr'>certe</span> <span class='ocrx_word' id='word_1_184' title='bbox 414 3939 567 4012; x_wconf 79' lang='lat' dir='ltr'>poenituiere</span> <span class='ocrx_word' id='word_1_185' title='bbox 654 3940 679 3991; x_wconf 84' lang='lat'>5.</span> <span class='ocrx_word' id='word_1_186' title='bbox 695 3940 812 3991; x_wconf 83' lang='lat' dir='ltr'>Narraris</span> <span class='ocrx_word' id='word_1_187' title='bbox 824 3939 916 4008; x_wconf 79' lang='lat' dir='ltr'>sabula</span> <span class='ocrx_word' id='word_1_188' title='bbox 932 3941 1128 4010; x_wconf 72' lang='lat' dir='ltr'>campmARu·</span> 
     </span>
     <span class='ocr_line' id='line_1_29' title="bbox 48 4018 1129 4090; baseline -0.006 -13"><span class='ocrx_word' id='word_1_189' title='bbox 48 4022 153 4076; x_wconf 69' lang='lat' dir='ltr'>scelesti</span> <span class='ocrx_word' id='word_1_190' title='bbox 167 4021 239 4076; x_wconf 79' lang='lat' dir='ltr'>facti.</span> <span class='ocrx_word' id='word_1_191' title='bbox 256 4019 346 4073; x_wconf 78' lang='lat' dir='ltr'>Rader.</span> <span class='ocrx_word' id='word_1_192' title='bbox 614 4019 640 4070; x_wconf 82' lang='lat' dir='ltr'>fo</span> <span class='ocrx_word' id='word_1_193' title='bbox 655 4031 702 4072; x_wconf 89' lang='lat' dir='ltr'>tuo</span> <span class='ocrx_word' id='word_1_194' title='bbox 716 4021 768 4088; x_wconf 88' lang='lat' dir='ltr'>jam</span> <span class='ocrx_word' id='word_1_195' title='bbox 787 4020 814 4073; x_wconf 89' lang='lat' dir='ltr'>in</span> <span class='ocrx_word' id='word_1_196' title='bbox 839 4018 947 4090; x_wconf 80' lang='lat' dir='ltr'>Elyriir.</span> <span class='ocrx_word' id='word_1_197' title='bbox 968 4019 1067 4073; x_wconf 80' lang='lat' dir='ltr'>Fabula</span> <span class='ocrx_word' id='word_1_198' title='bbox 1082 4039 1129 4072; x_wconf 85' lang='lat' dir='ltr'>au-</span> 
     </span>
    </p>
   </div>
   <div class='ocr_carea' id='block_1_11' title="bbox 0 0 1340 4808">
    <p class='ocr_par' dir='ltr' id='par_1_13' title="bbox 0 0 1340 4808">
     <span class='ocr_line' id='line_1_30' title="bbox 0 0 1340 4808; baseline 0 5"><span class='ocrx_word' id='word_1_199' title='bbox 0 0 1340 4808; x_wconf 95' lang='lat' dir='ltr'> </span> 
     </span>
    </p>
   </div>
  </div>
 </body>
</html>
