2670 4808
111 362 156 435 16
388 363 436 430 Μ.
456 362 565 431 vit.
594 363 892 435 MARTIALIS

211 495 332 564 Coenat
348 490 498 581 boletos,
515 506 643 581 ostrea,
661 518 794 582 sumen,
813 518 944 590 aprum.

160 600 263 670 Ebria
281 600 395 671 Setino
410 598 450 669 fit
466 622 570 695 supe,
587 615 621 671 et
637 626 724 696 saepe
741 599 903 671 Falerno:
1170 630 1183 669 s

212 708 287 778 Nec
303 707 367 776 nisi
385 732 447 801 per
466 706 598 775 niveam
620 706 764 777 Caecubu
781 720 877 801 potat
893 729 1024 800 aquam.

161 812 372 884 Circumfusa
388 813 492 909 rosis,
508 825 543 882 et
559 813 654 909 nigra
671 812 837 883 recumbit
852 837 1007 900 nmun103

211 920 348 990 Donuit
367 920 452 989 etin
474 916 606 1013 pluma,
624 942 860 1015 purpureoque
880 933 966 989 toro.

162 1027 276 1118 Quum
294 1026 337 1095 sit
354 1025 383 1094 ei
400 1023 559 1120 pulchre,
577 1050 682 1120 quum
697 1039 766 1096 turn
784 1026 869 1094 bene
886 1027 979 1095 vivat
995 1023 1085 1121 apud
1103 1040 1156 1115 te,

171 1140 173 1145 '
216 1131 269 1203 Ad
284 1135 430 1202 Damam
448 1132 559 1227 potius
576 1133 626 1202 vis
647 1145 705 1202 tua
723 1130 826 1202 febris
843 1130 921 1202 eat?

109 1358 191 1414 quem
211 1338 327 1394 fideliter
346 1338 438 1394 omnia
453 1350 624 1412 exsequetur,
709 1358 737 1409 9.
750 1340 857 1393 Roenbet
870 1358 921 1412 pro
934 1343 968 1393 st't
984 1343 1008 1392 εἰ
1024 1338 1185 1394 Reverimdi

109 1438 170 1493 qun
177 1420 312 1492 perunius
318 1417 372 1473 diei
381 1419 495 1492 spatium
503 1420 625 1474 solebant
666 1418 728 1474 bis.
737 1420 779 1474 Sic
788 1420 951 1490 tampslclsn,
963 1432 1012 1472 tam
1021 1420 1082 1472 belle
1091 1420 1187 1493 vulg.

110 1518 204 1573 egere,
217 1500 416 1554 exercitationes
426 1517 576 1571 corporeus,
584 1499 624 1552 le·
712 1518 756 1554 so.
775 1500 905 1553 Damnum
927 1501 955 1553 in
976 1497 1039 1553 edd.
1057 1512 1122 1553 vett.
1144 1532 1187 1543 -

110 1580 260 1644 rationem,
272 1578 425 1651 prendium.
668 1581 775 1631 Datum
783 1583 874 1651 potins.
888 1591 938 1633 etc.
951 1580 1129 1633 proletarium
1140 1598 1188 1633 ue·

153 1666 180 1724 4.
195 1659 304 1723 Boletos,
319 1671 408 1723 ostrea,
423 1658 554 1723 ete.an
566 1677 626 1713 om·
670 1660 726 1712 seio
748 1677 828 1730 quem
855 1659 964 1730 inopem
987 1671 1015 1712 et
1040 1659 1187 1714 infelicem.

112 1738 158 1793 nit
171 1739 200 1792 in
214 1737 317 1793 deliciis
327 1737 400 1811 spud
413 1737 531 1792 ditiores.
670 1737 739 1793 Nem
753 1739 842 1811 poetis
855 1750 1015 1811 usurpatum
1032 1740 1122 1793 Darne
1135 1757 1187 1792 no·

155 1818 182 1873 5.
194 1817 277 1872 Setino
286 1858 322 1873 ...
333 1819 449 1871 Fulemo.
462 1819 504 1871 De
516 1817 627 1892 optimis
671 1836 733 1872 men
742 1837 794 1891 pro
801 1819 871 1872 servi
880 1818 1052 1884 manumissi,
1061 1818 1188 1891 inprimis

113 1897 263 1971 vinissnpe
276 1910 374 1952 netum.
671 1896 765 1953 Horat.
773 1911 800 1952 et
808 1898 951 1952 Persio.—
959 1897 1036 1951 Idem
1046 1898 1189 1952 fermenn-

154 1982 181 2033 6.
196 1978 298 2032 Nireum
309 1996 403 2051 equum
418 1974 478 2033 Lib.
490 1978 528 2044 V,
540 1977 626 2049 epigr.
670 1977 871 2048 gitnnsgsllicus
878 1975 990 2049 quidem
998 1990 1076 2049 poeta
1086 1974 1188 2039 (Fran-

114 2077 191 2124 mv,
204 2076 245 2112 vs.
261 2077 286 2111 s.
671 2060 721 2127 fois
732 2049 960 2125 deNeusebdteau)
973 2055 1008 2110 de
1021 2056 1137 2112 eudem:

155 2157 183 2208 7.
199 2137 289 2208 Nigra,
305 2147 358 2189 etc.
374 2136 465 2189 Unete
480 2153 586 2189 amomo
601 2148 628 2189 et
712 2149 1053 2206 Ηῡωωααμιιίιᾰαςηιὼ,

113 2215 257 2288 ungnentis
270 2215 396 2268 omnibus
409 2215 455 2286 qni
469 2215 627 2269 subfuscum
711 2223 754 2271 ou·
762 2220 911 2262 made-suus
920 2234 945 2262 en
957 2219 1123 2262 msehsmitnr

114 2293 249 2350 addebant
260 2295 378 2350 colorem
391 2311 483 2349 cume.
492 2294 531 2348 Ut
543 2294 626 2366 epigr.
672 2293 714 2349 Cf.
725 2307 752 2348 et
760 2293 851 2347 fabula
861 2293 952 2348 eximii
963 2295 1001 2346 La
1011 2294 1134 2347 Fonteiae
1144 2292 1191 2347 eui

113 2392 236 2437 mnu,
250 2372 329 2429 infru.
671 2373 782 2440 titulus,
796 2375 835 2427 La
847 2373 940 2429 Gosstte
952 2385 977 2427 et
991 2373 1146 2444 i'Araigne'e.

559 2575 740 2665 XVIII.

468 2812 524 2861 un
550 2780 832 2860 invnturum*

276 3005 367 3074 Duus
388 3016 425 3071 tu
446 3000 587 3072 forsitan
605 3004 770 3099 inquietus
792 3025 883 3072 erras

277 3108 455 3196 Clamosa,
472 3108 657 3197 Juvenulis,
678 3111 713 3177 in
731 3107 896 3192 suburra,

276 3217 345 3286 Aut
361 3212 479 3285 collem
499 3214 643 3285 dominre
660 3216 738 3284 teris
759 3216 897 3302 Dianae3

276 3324 369 3392 Dum
390 3346 451 3416 per
470 3319 584 3392 limina
604 3336 637 3393 te
659 3322 886 3418 potentiorum

159 3526 315 3587 'Describit
334 3531 422 3585 otium
438 3547 516 3584 suum
528 3529 632 3584 Bilbili-
674 3547 710 3601 pe
721 3529 847 3600 frequens
854 3525 1195 3600 clamor,quodilliceseet

120 3626 224 3667 tenum.
676 3608 766 3661 forum
784 3626 877 3663 rerum
893 3608 1195 3676 remiium‚lib.V11‚

163 3712 189 3747 1.
202 3694 333 3764 inquietus.
345 3689 450 3744 Officiis
463 3702 490 3743 et
502 3687 573 3743 euris
584 3707 632 3742 ur·
677 3688 763 3760 epigr.
777 3706 851 3742 xm.

118 3772 186 3826 bieis
198 3771 339 3826 distentus.
351 3767 436 3835 Quod
445 3767 557 3823 inferius
569 3786 634 3822 mox
719 3768 746 3822 3.
758 3767 850 3821 cottam
861 3770 962 3822 Dianoe.
972 3769 1094 3821 Mentem
1103 3769 1195 3823 Aren·
1216 3802 1219 3807 -

119 3848 260 3906 describet.
678 3847 766 3902 tinum
781 3847 916 3920 intellige,
935 3848 965 3901 in
983 3866 1039 3920 quo
1054 3860 1111 3902 erut
1124 3860 1195 3901 tem·

160 3953 186 3985 s.
194 3931 325 3985 Iuvenalis.
338 3929 419 3984 Poets
432 3928 563 4002 satyricus
572 3927 635 3981 setis
677 3928 753 3999 plum
760 3927 853 3983 Dienn
859 3925 1038 3983 semumvid.
1046 3925 1080 3982 ud
1088 3927 1195 3995 linvl,

117 4010 366 4066 notun-Clamosa
373 4007 635 4063 stimulum
678 4002 842 4080 epigramm
851 4026 925 4077 nm,
937 4025 968 4062 rs
985 4005 1031 4061 13.
