2670 4808
249 354 697 428 EPIGRAMMATUM
718 355 819 440 LIB.
848 355 937 421 XII.
1074 352 1119 449 57

526 585 655 673 LXI.
742 684 745 691 ,

443 802 493 846 or
521 771 746 848 urrunnu*

222 984 377 1067 Vanam,
393 993 427 1048 et
445 979 546 1048 breve
569 978 781 1073 vividumque
802 1002 953 1062 carmon,

221 1090 314 1155 Inte
336 1110 378 1154 ne
401 1084 518 1154 faciam
540 1085 651 1170 times,
671 1087 828 1179 Ligurra3

222 1195 263 1260 Et
283 1191 403 1286 dignus
423 1195 516 1286 cupis
536 1191 601 1260 hoc
623 1205 713 1260 metu
735 1191 855 1260 videri:

223 1297 285 1366 Sed
309 1296 430 1366 frustra
449 1298 584 1384 metuis,
604 1298 761 1391 cupisque
783 1296 913 1366 frustra.

222 1404 260 1471 In
283 1418 395 1472 tauros
411 1403 525 1497 Libyci
547 1402 694 1471 fremunt
710 1400 838 1483 leoncs3

222 1510 298 1577 Non
319 1522 396 1576 sunt
416 1507 636 1603 papilionibus
655 1508 794 1577 molesti.

223 1615 379 1702 Quaeras,
397 1637 535 1700 censeo,
550 1616 577 1684 si
593 1612 656 1709 legi
675 1613 821 1698 laboras,

223 1721 318 1812 Nigri
338 1718 473 1790 fornicis
492 1719 619 1788 ebrium
638 1734 788 1814 poctam3

222 1826 289 1913 Qui
309 1825 454 1894 carbone
472 1824 562 1910 rudi,
583 1827 737 1919 putrique
755 1839 845 1894 creta

224 1930 345 1999 Scribit
361 1932 526 2016 carmina,
545 1954 618 2024 quae
639 1930 753 2023 legunt
774 1944 935 1999 canantes.

224 2039 327 2106 Frons
346 2037 416 2106 haec
433 2038 587 2132 stigmate
604 2062 671 2105 non
693 2061 768 2104 mco
787 2035 933 2104 notanda
952 2049 1012 2102 cst.

104 2242 118 2267 *
138 2245 253 2296 Leserst
270 2242 401 2316 quispiam
423 2244 527 2316 ineptus
549 2258 576 2297 et
618 2263 726 2316 gurram
742 2256 832 2296 autem
845 2242 1129 2314 papilionicompsrat.

65 2323 577 2394 insulsusrersificatorpoetam‚eotsn·
661 2343 687 2393 7.
704 2324 734 2375 St
750 2323 854 2377 laboras.
872 2323 899 2374 si
919 2322 1004 2393 cupis.

66 2416 123 2455 turn
136 2401 206 2469 fine,
220 2415 250 2454 ut
260 2402 378 2455 irritaret
391 2404 418 2454 in
432 2422 458 2456 se
471 2404 578 2457 Martia·
660 2404 684 2454 8.
697 2404 803 2456 Servium
818 2422 866 2475 pro
878 2403 966 2454 ebrium
984 2402 1064 2455 habet
1083 2421 1128 2454 cu·

65 2484 120 2534 lem
134 2482 168 2533 ab
181 2499 267 2553 eoque
280 2482 437 2534 nominatim
451 2483 578 2535 refutare·
620 2481 670 2536 dex
686 2483 841 2535 Thoan.—
853 2483 928 2551 Nigri
938 2483 1050 2547 fhrnicc's·
1071 2482 1130 2535 Hoc

67 2574 118 2614 tur.
128 2562 209 2613 Poeta
222 2573 300 2631 negat
306 2579 334 2612 se
343 2580 392 2632 gry
403 2560 537 2618 dicturum
549 2562 576 2614 in
620 2574 672 2626 est,
686 2562 793 2615 obscuri
808 2562 860 2614 ioci
872 2574 899 2615 et
910 2562 969 2613 vilis
984 2573 1053 2613 notae
1064 2579 1127 2631 poe·

66 2659 141 2706 enm,
154 2658 235 2710 quem
251 2652 454 2693 contemnerent
467 2660 574 2703 omues,
621 2655 675 2693 tam
688 2660 797 2713 quaeras·

67 2721 117 2773 sibi
140 2738 248 2790 prorsus
272 2719 402 2789 imparem
423 2720 530 2791 ingenio
552 2733 578 2773 et
661 2740 688 2789 9.
702 2721 753 2789 Qui
760 2721 861 2772 carbone
870 2720 934 2791 rudi.
946 2720 1077 2773 Carbonis
1085 2733 1130 2772 aut

67 2799 200 2852 osrmine:
218 2797 291 2869 quod
311 2816 393 2868 genus
412 2800 578 2852 contumelia
620 2812 698 2852 cretae
714 2813 776 2852 nota
792 2799 917 2852 citissime
934 2799 1064 2852 evanescit
1075 2799 1130 2851 :sic

67 2877 253 2949 gravissimum
275 2890 329 2940 est,
349 2897 403 2930 non
429 2877 514 2931 videri
536 2877 578 2931 di·
621 2880 726 2932 obscuri
752 2891 838 2950 poete
862 2879 979 2931 carmina
1005 2879 1132 2932 citissime

69 2976 167 3027 gnum,
184 2975 264 3026 quem
280 2957 366 3009 ultum
380 2976 431 3011 eas.
448 2958 538 3010 Rader.
622 2970 742 3028 pereunt.
770 2960 907 3024 Borsser,
933 2960 984 3010 Art
1003 2963 1129 3030 poe'tr'qnn

110 3055 135 3089 1.
152 3036 186 3087 Ut
198 3035 259 3088 cod.
272 3028 374 3090 Beierl.
388 3049 414 3089 ct
426 3037 531 3089 livr'clnn.
540 3069 578 3079 -
623 3039 666 3092 ch.
681 3026 753 3091 1.“:

70 3115 228 3188 Vtrumque
247 3135 349 3168 carmen.
367 3115 438 3170 Vide
457 3117 502 3169 iii).
519 3118 577 3174 VI,
720 3133 1106 3187 ...teisutresoisqn'onriteveefsret

69 3195 150 3266 epigr.
168 3212 243 3246 ΗΠ.
260 3194 303 3247 Sic
319 3208 345 3247 et
360 3196 408 3248 lib.
426 3197 480 3261 XI,
494 3197 577 3267 epigr.
623 3202 786 3243 Charbonnerds
796 3217 827 3243 ses
836 3203 917 3242 venies
927 3217 982 3242 mers
994 3201 1133 3242 d'nnesbsret.

70 3292 151 3327 ms:
172 3272 293 3326 -vivida
310 3293 396 3344 quum
411 3294 502 3346 poscas
521 3276 578 3346 epi·
668 3294 710 3329 ro.
738 3276 801 3345 Quoe
824 3276 907 3345 legunt
929 3286 1045 3325 cocantes.
1067 3275 1133 3338 Quis

70 3364 227 3422 grammata,
238 3367 342 3407 mortua
355 3354 445 3424 ponis,
459 3367 509 3408 etc.
524 3382 535 3401 ι
623 3354 784 3407 mundentur
800 3356 862 3408 Dese
880 3353 1020 3406 cloacina.
1038 3353 1133 3417 Qualis

110 3439 138 3494 4.
150 3432 241 3484 Metuis
253 3435 373 3502 eripitque.
385 3434 443 3486 Hoc
457 3447 510 3497 cst,
523 3453 579 3486 mc·
627 3436 727 3486 Tanusii
734 3434 841 3486 Annales
849 3433 953 3485 Seneca
959 3430 1098 3492 habentur,
1108 3446 1135 3485 et

73 3514 184 3563 tuere'te
195 3510 316 3573 simules,
329 3513 406 3583 cupis
420 3531 519 3566 revera.
624 3512 728 3566 Catullo
738 3513 847 3565 Annales
853 3513 940 3563 Volusi
948 3523 1031 3561 cacata
1041 3511 1134 3564 charta.

111 3591 137 3643 5.
154 3591 277 3642 Fremant.
299 3590 357 3643 Hoc
374 3592 469 3645 melius
490 3605 581 3646 censet
667 3611 711 3646 rr.
728 3593 808 3644 Frons
826 3593 884 3643 haec.
903 3589 935 3642 ld
950 3602 988 3642 est
1003 3608 1009 3642 :
1025 3589 1135 3644 servilis

72 3668 204 3723 Schrevel.
218 3671 301 3721 Ruunt
317 3669 377 3724 edd.
394 3683 458 3724 vett.
476 3684 502 3724 et
518 3673 580 3724 Far·
624 3683 668 3724 tua
691 3672 766 3723 frons
781 3688 835 3722 non
853 3683 892 3722 est
909 3668 1003 3741 digna,
1022 3671 1065 3724 cui
1086 3690 1135 3742 ego

75 3749 132 3799 nab.
149 3781 186 3789 —
206 3749 237 3800 In
263 3761 343 3801 tauros
368 3750 453 3820 Libyci
472 3753 582 3816 fremunt
625 3751 774 3821 imprimam
795 3750 889 3802 victuri
909 3750 1034 3803 carminis
1049 3764 1132 3805 notas.

74 3829 156 3877 leones.
175 3828 232 3880 Hoc
249 3840 303 3891 est,
323 3829 350 3880 in
373 3829 439 3881 seras
463 3831 581 3883 minores
626 3828 697 3882 Vide
711 3830 756 3881 lib.
769 3831 823 3894 vl,
839 3830 992 3901 epigramm.
1011 3850 1082 3883 sxrv.
1096 3862 1134 3872 -

76 3925 126 3956 non
139 3907 251 3959 serviunt
263 3907 363 3971 leones,
376 3908 522 3979 etquidem
535 3929 584 3980 gs·
626 3911 752 3978 Stigmata.
771 3910 863 3962 innuit
878 3923 980 3970 notam,
998 3929 1078 3980 quam
1102 3909 1135 3963 ad

75 3984 229 4039 nerosiores.
243 3986 288 4039 Sic
301 3988 381 4042 Poeta
394 4007 421 4041 se
434 3989 520 4054 leoni,
537 3991 582 4042 Li·
627 3987 808 4043 infamandum
817 3992 904 4042 virum
917 3989 1032 4043 carnifex
1043 3990 1136 4042 inurit.
