2670 4808
149 361 194 407 io
430 337 477 403 Μ.
495 336 603 406 VAL.
631 337 925 407 MARTIALIS

248 468 414 555 Thraces,
434 442 659 559 Sauromatae,
677 472 793 555 Getae,
813 471 983 556 Britanni,

247 577 388 646 Possum
402 576 577 646 ostendere
594 579 777 663 Caesarem3
795 577 913 646 venite.

142 782 286 855 quentihus
294 782 403 855 populis
412 782 506 854 sapius
517 794 605 836 artam
614 802 656 837 sn·
700 783 761 837 nior
780 783 809 835 in
829 802 878 837 suo
898 782 1072 854 Panegyrioo.
1093 814 1133 827 -
1156 785 1217 858 Ego

141 882 198 935 pra.
208 863 384 917 —Cluverio
397 861 431 915 de
442 862 532 916 Serica
546 862 655 936 Scythia
699 862 845 934 intelligam
856 863 1077 935 libentius,quasi
1088 864 1217 920 omnibus

142 942 235 1008 multi,
248 955 276 996 et
292 943 311 995 ii
322 941 409 1006 docti,
420 940 611 1008 adversantur3
628 955 656 995 et
698 962 766 1014 quos
781 942 827 995 hio
850 941 961 997 advocat
980 942 1089 1015 populis
1105 961 1216 1015 persua-

141 1040 204 1076 sane
219 1022 295 1076 Seras
307 1040 370 1075 vero
384 1021 550 1075 simillimum
560 1032 600 1075 est
612 1041 655 1074 re·
699 1040 758 1076 sum
769 1035 837 1076 esset
852 1021 920 1075 nihil
929 1042 1041 1076 romano
1052 1023 1216 1096 imperatore

139 1101 574 1174 gionishajussuisseincoissquta
582 1120 655 1157 nano
699 1102 852 1174 majus‚qui
870 1101 979 1174 quidem
991 1101 1088 1174 dignus
1103 1106 1216 1158 nomine

141 1195 253 1236 vocatur
266 1202 378 1253 royaume
389 1181 420 1233 de
431 1181 509 1246 Siam,
524 1183 551 1233 in
565 1200 597 1235 ea
609 1183 655 1234 ln·
699 1183 756 1248 tali,
766 1184 878 1235 Romam
889 1183 1122 1236 exclamantem
1134 1183 1218 1238 babe-

141 1259 208 1316 dioss
216 1262 286 1314 ultra
293 1261 413 1333 Gangem
422 1261 570 1333 peninsula
579 1275 655 1333 parte
699 1281 758 1315 mas
766 1260 917 1315 redivivum
929 1264 1057 1318 Curarem
1067 1259 1217 1335 (Traianus

142 1360 202 1415 qun
215 1339 249 1395 ad
263 1340 429 1395 occidentem
445 1354 555 1413 spectat.
699 1344 771 1396 enim
786 1343 842 1395 sive
863 1340 898 1396 ad
917 1359 1024 1396 morum
1043 1341 1217 1412 comitatem,

180 1438 219 1474 ro.
229 1421 323 1474 Venite.
331 1421 425 1474 Pacem
432 1420 533 1476 scilicet
540 1422 654 1477 oraturi:
698 1422 754 1476 sive
762 1421 798 1475 ad
808 1423 846 1475 rei
855 1421 976 1474 militaris
990 1423 1114 1494 peritiam
1123 1442 1217 1496 respe-

140 1499 227 1553 habeo
243 1501 315 1555 enim
335 1502 498 1573 Trajanum‚
515 1501 623 1573 quivos
639 1521 655 1556 a
698 1503 784 1566 aeria,
798 1502 866 1555 ntuli
876 1494 996 1573 impar);
1012 1502 1119 1569 venite,
1132 1521 1218 1576 quem

140 1598 183 1633 me
197 1578 350 1635 deficientes
359 1581 486 1652 castigare
494 1581 603 1652 poterit.
612 1582 655 1635 De
698 1599 838 1653 nunquam
864 1580 967 1635 vidistis
993 1581 1119 1636 admirari
1141 1601 1217 1638 nuno

139 1659 282 1715 virtutibus
294 1661 403 1731 Traiani
419 1661 477 1715 inse
492 1661 595 1715 Plinius
607 1664 653 1734 ja·
698 1659 779 1715 datar
790 1662 876 1733 copia.
892 1662 943 1714 Eo.

632 1864 713 1952 IX.

519 2105 572 2148 an
600 2102 808 2149 crastinam.
826 2070 841 2100 ⁸

189 2293 318 2360 Pinus
336 2290 422 2384 regit
438 2303 590 2373 nostros,
608 2289 781 2359 mitissime
801 2291 935 2377 Coesar,
954 2288 1091 2377 Iberos,

240 2399 286 2464 Et
303 2394 434 2491 placido
451 2395 573 2464 fruitur
592 2419 656 2490 pax
674 2397 852 2490 peregrina
867 2396 959 2492 jugo.

189 2505 280 2599 Ergo
295 2504 423 2597 agimus
438 2501 503 2572 laeti
520 2516 614 2572 tanto
629 2527 692 2597 pro
708 2526 847 2573 munere
865 2517 995 2598 grates:

240 2610 361 2679 Misisti
378 2634 489 2679 mores
506 2610 541 2677 in
559 2607 633 2678 loca
649 2624 764 2679 nostra
783 2624 868 2679 tuos.

185 2815 198 2841 *
218 2819 374 2892 Hispaniam
395 2833 514 2892 pacatam
539 2819 649 2874 Cusaris
691 2821 786 2873 abant
798 2838 921 2873 merum
934 2833 962 2873 et
973 2838 1056 2890 rapax
1068 2820 1113 2873 oui
1124 2822 1211 2873 Roma

134 2900 227 2953 virtuti
239 2913 266 2953 et
279 2901 400 2953 moribus
407 2899 544 2955 adscribit.
677 2901 767 2971 'pacis
781 2919 882 2955 nomen
895 2899 1088 2972 protendebat.

177 2998 202 3032 r.
213 2981 311 3034 Palma.
324 2981 406 3051 Cujus
417 2980 536 3052 proiecti
550 2979 646 3051 Syria,
734 2987 761 3044 4.
781 2982 881 3033 Misisti.
900 2980 1018 3032 Palmam
1033 2980 1209 3051 praesectum,

132 3073 160 3115 et
175 3060 291 3133 Trojano
307 3060 463 3132 gratissimi,
480 3061 648 3112 mentionem
691 3073 719 3114 et
734 3074 843 3113 tuorum
862 3079 968 3112 morum
988 3060 1122 3113 aemulum.
1136 3061 1210 3113 Gro-

134 3140 197 3194 iaoit
212 3139 265 3192 Dio
280 3140 309 3192 in
324 3140 441 3210 Trojano
455 3156 462 3192 ε
475 3140 573 3192 iterum
591 3158 647 3191 me·
691 3140 790 3192 novius
806 3150 896 3192 tamen
912 3139 950 3193 sic
966 3139 1121 3210 vituperat:
1141 3165 1152 3187 ι
1165 3140 1210 3193 Ibi

131 3219 212 3274 minit
222 3219 251 3272 in
263 3219 383 3273 Adriano
394 3239 408 3272 a
420 3238 475 3291 quo
489 3219 647 3272 interiectus
690 3217 806 3272 ridicule
815 3220 940 3272 nonnulli
954 3238 987 3273 ex
997 3219 1208 3291 interpretibus,

132 3312 173 3354 est
194 3300 431 3353 potissmium
449 3299 510 3352 looo
528 3299 646 3359 Palmam
691 3318 777 3362 mons,
790 3296 818 3350 id
831 3311 886 3362 est,
898 3300 1069 3371 profectum,
1081 3299 1210 3352 aemulum

131 3393 243 3434 sumant
254 3398 305 3452 pio
315 3380 439 3452 symbolo
448 3380 584 3445 victorin
595 3380 646 3432 mi·
690 3390 799 3432 tuorum
815 3397 933 3433 morum.
948 3379 1001 3432 Sed
1020 3378 1148 3451 peculiari
1164 3398 1209 3433 ra-

131 3478 182 3513 nas
194 3461 272 3513 bene.
689 3457 764 3512 tione
775 3478 850 3510 mores
861 3459 890 3512 in
900 3460 1054 3513 Domitiano
1064 3457 1209 3530 praedicat,

174 3557 201 3591 a.
217 3540 275 3592 Par
285 3543 423 3611 peregrina.
445 3536 504 3591 Hoc
523 3550 579 3601 est,
596 3539 646 3591 Hi·
689 3538 737 3610 qui
755 3558 845 3591 morum
860 3543 1027 3592 correctionem
1040 3542 1161 3608 suscepit,
1177 3551 1211 3592 ut

129 3618 222 3691 spani,
233 3620 281 3691 qui
296 3621 450 3691 alienigena
462 3630 490 3672 et
510 3618 645 3689 peregrini
690 3619 811 3690 loquitur
821 3619 981 3685 Suetonius,
990 3639 1049 3691 cap.
1060 3620 1092 3683 8,
1101 3636 1209 3672 censor·

130 3699 257 3753 nonanis
277 3698 454 3765 videbantur,
474 3717 537 3752 vere
556 3698 647 3771 quieta
690 3717 743 3771 que
762 3700 830 3761 tuit,
848 3712 930 3769 prout
944 3720 958 3753 a
974 3699 1090 3753 Martiali
1107 3698 1207 3752 saluta·

100 3842 105 3851 Ι
127 3777 193 3851 pa'oe
215 3778 367 3851 gandebant
386 3777 555 3852 provinciam
574 3779 646 3832 obti-
690 3791 744 3833 tar.
760 3807 772 3829 ι
788 3779 869 3833 Prior
889 3792 980 3834 tamen
1003 3798 1096 3834 sensus
1115 3779 1207 3849 potior

43 3894 46 3900 -
127 3871 209 3919 neate
224 3860 331 3925 Palma,
346 3878 396 3913 neo
411 3859 556 3930 imperium
572 3858 647 3912 inca·
689 3860 782 3915 multis
797 3858 914 3914 ridetur.
