2670 4808
117 323 164 396 56
396 324 443 389 Μ.
463 325 567 390 VAL.
596 325 888 395 MARTIALIS
913 334 920 346 ⁸

165 458 218 524 Da
236 455 382 539 veniam,
397 453 519 522 servire
536 454 600 521 tuis
616 454 704 546 quod
721 451 799 523 nolo
814 454 990 542 Kalendis,
1168 486 1179 522 ε

215 563 259 627 Et
272 582 335 652 qua
353 583 425 626 sum
442 559 588 652 genitus,
603 561 714 628 vivere
732 558 805 629 luce
823 558 910 629 volo.

164 663 272 734 Natali
294 662 416 757 pallere
439 688 519 745 suo,
540 688 582 732 ne
603 662 696 733 calda
717 664 849 734 Sabello

215 772 325 854 Desit,
343 784 377 838 et
393 784 431 838 ut
448 768 607 862 liquidum
623 784 715 865 potet
729 770 856 839 Alauda
873 795 1024 859 merum;

161 875 306 944 Turbida
327 874 466 944 sollicito
486 877 707 944 transmittere
729 877 872 945 Caecuba
888 900 1005 963 mccc,

214 986 321 1075 Atque
340 983 425 1049 inter
444 1004 574 1050 mensas
592 984 656 1065 ire,
676 980 782 1050 redire
800 1006 890 1067 suas,

161 1088 323 1179 Excipere
340 1085 419 1171 hos,
436 1082 527 1170 illos,
544 1101 578 1154 et
592 1101 661 1155 tota
680 1111 813 1180 surgere
832 1112 944 1171 coena,

213 1193 384 1259 Marmora
406 1190 588 1260 calcantem
606 1192 774 1287 frigidiora
794 1193 887 1287 gelu:

161 1298 245 1384 Quae
263 1297 348 1364 ratio
367 1311 432 1381 est,
447 1295 517 1365 haec
539 1312 656 1390 sponte
674 1313 731 1365 tua
752 1299 899 1390 perferre
915 1301 1070 1394 patique,

216 1403 301 1490 Quae
322 1416 354 1469 te
374 1403 401 1470 si
415 1402 529 1495 jubeat
549 1428 605 1470 rex
623 1403 858 1496 dominusque,
874 1403 996 1498 neges?

109 1611 328 1682 hucusqueintra
340 1610 412 1663 urbis
421 1612 511 1664 Romo
523 1611 620 1662 munia
662 1612 858 1681 epigrammatis
884 1612 1058 1666 continuatio.
1080 1643 1123 1655 —
1140 1617 1182 1667 Νι

108 1691 248 1747 celebravi.
662 1690 743 1742 calda.
755 1692 794 1742 De
808 1709 861 1759 qua
879 1690 924 1742 lib.
939 1692 971 1755 1,
984 1692 1069 1762 epigr.
1085 1712 1137 1747 xta.

151 1769 176 1823 5.
193 1771 251 1821 Tuis
265 1769 391 1822 Kalendis.
407 1771 438 1820 in
452 1780 526 1822 sexto
535 1786 618 1820 casu:
703 1788 730 1837 9.
753 1769 865 1822 Caecubo.
887 1771 927 1821 De
947 1771 1045 1840 quibus
1066 1771 1114 1824 lib.
1139 1774 1181 1840 11,

108 1853 160 1904 hoc
175 1862 230 1911 est,
247 1847 321 1920 quod
342 1850 393 1901 tuis
413 1846 542 1901 Kalendis
556 1848 619 1900 nolo
662 1848 746 1918 epigr.
760 1868 849 1901 xn-
860 1850 1041 1906 Trummittere.
1051 1851 1112 1903 Hoc
1125 1866 1180 1915 est,

109 1931 136 1984 in
153 1929 220 1983 urbe
240 1928 364 1997 occupari
380 1928 476 1981 officiis
495 1940 619 1998 prestan-
662 1946 756 1997 magna
770 1927 980 1999 precipitatione
991 1931 1087 1982 colare.
1104 1931 1180 1983 Vide

110 2009 165 2074 dis,
186 2007 233 2061 sed
254 2008 323 2060 malo
342 2027 404 2060 rure
422 2006 560 2078 genialiter
580 2007 619 2059 ri·
662 2007 710 2058 lib.
722 2007 798 2070 XIV,
814 2007 896 2077 epigr.
908 2024 960 2060 crs.

109 2107 189 2153 rere,
204 2086 277 2158 quod
291 2088 319 2138 in
332 2088 398 2139 urbe
410 2087 468 2139 fieri
479 2085 620 2156 nequibat,
708 2103 749 2137 ro.
762 2086 828 2137 Inter
846 2106 937 2137 mensas
949 2091 997 2149 ire,
1012 2088 1100 2140 redire.
1116 2089 1180 2142 Sive

109 2182 139 2222 ut
159 2166 257 2220 docent
273 2178 412 2236 sequentes
431 2184 538 2226 versus,
553 2183 620 2234 quos
663 2177 693 2216 ut
703 2164 847 2217 Cecubuut
858 2167 1068 2219 transmittentes
1083 2170 1179 2221 obser·

109 2264 212 2301 nosram
225 2245 386 2315 epigramma
401 2244 562 2296 constituere
576 2262 620 2295 ne·
664 2258 750 2308 varet3
762 2245 832 2307 sive,
842 2243 915 2314 quod
925 2246 951 2296 in
965 2248 1085 2316 sequenti
1094 2249 1179 2300 versi-

109 2338 172 2398 gant
188 2324 274 2376 multi.
663 2324 723 2374 culo
735 2323 835 2386 innuit,
849 2337 878 2375 ut
890 2323 952 2389 hos,
967 2324 1028 2378 illos
1041 2326 1181 2397 exciperet

64 2444 71 2451 .
151 2408 175 2456 6.
192 2405 344 2475 thnesum
354 2404 464 2470 genitus,
478 2401 619 2453 etcNem·
663 2401 806 2453 triclinium
829 2403 957 2456 intrantes
978 2416 1004 2456 et
1026 2405 1060 2457 iis
1085 2406 1179 2460 locum

109 2502 145 2557 pe
153 2502 207 2536 non
217 2483 305 2534 minus
312 2479 356 2533 die
366 2481 409 2532 illa
416 2480 620 2550 occupatierant
663 2499 739 2532 suum
757 2482 906 2551 assignaret.

110 2566 138 2617 in
160 2561 256 2616 officiis
271 2560 344 2613 vanis
362 2573 389 2612 et
403 2559 619 2612 anteambulatio·
707 2578 749 2611 ra.
782 2560 914 2612 Mannum.
946 2558 1031 2615 Nudis
1060 2562 1181 2633 pedibus

109 2645 189 2697 nibus
198 2660 249 2714 qua
262 2640 316 2694 nuti
326 2651 417 2702 erant,
429 2656 508 2708 quam
523 2657 552 2690 ea
568 2657 619 2709 qua
662 2657 759 2690 mensae
768 2640 958 2692 accumbebant
966 2641 1090 2708 Veteres;
1107 2661 1181 2715 saepe

110 2722 214 2776 domini
228 2721 342 2773 natalem
358 2718 490 2771 celebrere
508 2736 618 2770 consue·
662 2718 742 2770 etiam
760 2721 911 2771 venientem
935 2720 1075 2773 convivam
1099 2740 1180 2776 exne·

110 2813 212 2855 rerant.
663 2798 750 2867 pturi,
757 2817 811 2869 prae
818 2798 900 2850 nimia
914 2799 1082 2853 festinatione
1092 2803 1181 2856 soleas

151 2900 177 2949 7.
199 2879 287 2931 Natali
305 2878 403 2934 pallere.
424 2877 453 2928 ln
475 2877 556 2928 veteri
577 2894 620 2928 co·
663 2889 754 2946 petere
771 2878 931 2949 nequibant,
948 2892 1029 2949 atque
1044 2880 1081 2932 ita
1095 2881 1180 2935 nudis

107 2955 619 3026 dicesicdistinguiturbocepigramma
663 2954 1181 3030 pedibuscaleabantmarmora‚quibus

108 3058 124 3093 a
141 3035 315 3111 precedenti,
335 3049 361 3088 et
381 3036 475 3087 lemma
495 3036 620 3087 scribitur·
662 3048 741 3088 strata
759 3050 834 3088 erant
848 3039 988 3089 coenacula.
1000 3067 1033 3077 -
1046 3038 1179 3092 Credide-

108 3118 138 3171 δε
152 3117 257 3171 Sabello.
275 3113 327 3167 Sed
344 3114 438 3166 melior
455 3113 561 3167 videtur·
578 3116 619 3165 in·
664 3115 713 3177 ris,
727 3127 817 3166 notam
832 3116 904 3167 illam
918 3116 1018 3186 legens,
1031 3135 1180 3190 exsurgere

106 3197 217 3268 scriptio
226 3213 305 3266 quam
316 3192 474 3264 subjecimus
488 3212 518 3245 er
533 3192 619 3246 llade·
666 3212 717 3245 nna
741 3213 833 3247 omnes
854 3195 979 3247 convivas
994 3194 1028 3248 ad
1047 3215 1110 3249 eum
1131 3216 1178 3251 ex·

108 3294 154 3339 ro,
166 3277 204 3327 De
217 3275 291 3325 stulta
303 3272 392 3323 notulis
405 3272 540 3324 tetebmndr
551 3292 618 3324 cum.
664 3272 818 3343 cipiendum
834 3274 881 3343 qui
901 3273 1115 3343 ingrediebatur:
1128 3276 1176 3331 sed

109 3353 237 3407 Alaudam
245 3370 309 3405 vero
319 3364 345 3403 et
352 3351 484 3403 Sabellum
496 3370 544 3420 pro
556 3370 620 3422 qno·
665 3353 815 3411 immerito;
827 3370 888 3404 nam
902 3355 1027 3424 surgebat
1038 3355 1112 3408 solus
1127 3343 1178 3408 do·

108 3433 148 3485 ris
157 3434 235 3485 obvio
247 3431 358 3484 conviva
370 3430 518 3481 nominavit
527 3431 616 3483 Poeta.
663 3433 761 3484 minus.

109 3511 160 3562 llic
180 3529 242 3580 ergo
262 3510 347 3578 agitur
367 3521 471 3560 tantum
486 3507 520 3560 de
537 3509 618 3561 nimia
707 3511 750 3561 13.
767 3510 830 3577 (lure
840 3514 903 3561 ratio
915 3523 958 3564 est.
969 3513 1055 3577 Quam
1069 3516 1179 3567 vernili-

109 3589 202 3641 nstalir
222 3587 371 3640 celebrandi
398 3605 476 3650 cura,
496 3606 549 3658 quo
573 3586 617 3639 die
662 3599 711 3651 ter,
721 3588 804 3639 immo
814 3603 973 3660 praepostere
982 3591 1104 3645 lacisboc
1115 3612 1180 3647 con·

109 3668 156 3718 uni
169 3667 247 3735 genio
260 3664 453 3737 indulgendum
463 3665 540 3718 docet
550 3667 617 3718 lilar-
661 3667 779 3727 vitator,
792 3686 837 3719 rex
849 3680 876 3719 et
885 3667 1023 3733 dominns,
1033 3672 1109 3742 qnod
1121 3693 1180 3734 non

109 3745 195 3805 tialis;
222 3756 299 3814 atque
328 3745 362 3796 ita
382 3758 420 3799 est
444 3743 616 3816 precedentis
662 3746 1035 3802 laceretconvivaetcliens?
