2670 4808
213 360 260 432 δα
500 362 547 429 Μ.
565 361 673 429 VAL.
702 357 1000 428 MARTIALIS

620 587 866 674 xxxin.

613 810 665 858 DE
693 811 883 859 Liuineio.

265 1001 322 1070 Ur
343 1023 465 1095 pueros
482 1012 609 1067 emeret
628 997 812 1084 Labienus,
834 996 984 1066 vendidit
1004 998 1138 1068 hortos:

321 1105 377 1174 Nil
398 1105 461 1174 nisi
479 1103 615 1174 ficetum
635 1129 725 1174 nunc
746 1103 913 1174 Labienus
931 1104 1043 1175 habet.

257 1335 281 1369 1.
294 1315 422 1367 Labienus.
436 1310 569 1366 Libidinis
582 1315 636 1383 jam
650 1312 725 1383 argui
767 1312 899 1383 biguitate
908 1311 1016 1382 rsIficus
1027 1331 1127 1384 :quum
1138 1311 1209 1367 dieat
1220 1355 1227 1379 ,
1237 1316 1288 1369 La·

213 1396 362 1449 notavimus
375 1393 525 1446 Labienum
542 1392 624 1445 istum
641 1393 723 1463 epigr.
767 1393 849 1445 bieno
862 1410 893 1444 ex
907 1392 992 1445 hortis
1003 1412 1141 1464 superesse
1151 1395 1286 1448 consitum

213 1493 260 1528 xvi
278 1494 337 1545 sup.
352 1475 426 1545 cujus
450 1470 517 1525 illud
538 1484 578 1525 est
599 1473 724 1537 initium,
768 1471 828 1525 ficis
849 1490 951 1542 ugrum.
971 1472 1102 1544 Intelligit
1125 1493 1224 1545 pueros
1253 1494 1287 1529 ex

124 1568 126 1577 ·
214 1552 724 1624 ιΔάἀὶκῑί,[αὴίεηο,ῑτειιςε11ωι.Ευ.
769 1552 889 1622 nequitia
903 1551 1016 1617 ficosos,
1027 1566 1059 1606 ut
1074 1553 1121 1607 lib.
1132 1554 1182 1622 lv,
1198 1555 1285 1626 epigr.

256 1653 281 1687 π.
293 1633 340 1688 Nil
350 1637 397 1685 nisi
399 1632 500 1704 ficetum
508 1652 585 1697 nunc,
596 1628 726 1685 crutide
769 1650 825 1697 su,
837 1644 865 1684 et
878 1632 999 1697 lib.VlI‚
1013 1632 1095 1705 epigr.
1108 1651 1188 1700 nur,
1197 1647 1224 1687 et
1236 1636 1286 1688 lib.

213 1714 296 1785 epigr.
309 1732 371 1779 xvi,
385 1731 474 1785 supra.
484 1713 567 1766 Joeus
579 1724 619 1764 est
630 1711 659 1764 in
670 1728 726 1763 sm·
770 1712 800 1777 I,
816 1710 899 1783 epigr.
911 1728 983 1764 mr.

635 1906 852 1993 XXXIV.

457 2135 511 2181 sn
538 2134 702 2197 sunium
731 2104 1030 2181 minuissem*

340 2313 522 2382 Tmonm
539 2310 621 2378 mihi
639 2324 846 2406 quatuorque
864 2336 987 2380 messes

339 2420 485 2502 Tecum,
506 2418 533 2486 si
552 2419 707 2503 memini,
730 2417 845 2501 fuere,
864 2416 948 2488 Juli:

342 2522 496 2613 Quarum
514 2522 623 2593 dulcia
644 2525 747 2592 mixta
769 2539 848 2594 sunt
867 2526 1008 2612 amaris3

341 2631 407 2700 Sed
423 2629 573 2725 jucunda
591 2645 703 2700 tamen
725 2630 817 2700 luere
837 2629 943 2726 plura.

341 2741 386 2806 Et
404 2740 432 2807 si
450 2735 595 2807 calculus
617 2739 724 2806 omnis
741 2738 808 2806 hue
828 2753 862 2806 et
883 2735 960 2806 illue

340 2846 501 2914 Diversus
522 2843 714 2939 bicolorque
737 2844 928 2939 digeratur,

340 2952 464 3022 Vincet
481 2950 621 3020 candida
639 2951 737 3019 turha
754 2953 944 3047 nigriorem.

342 3060 376 3127 Si
394 3058 499 3126 vitare
519 3056 601 3128 velis
619 3058 739 3127 acerba
756 3058 926 3152 quaedam,

339 3167 384 3232 Et
405 3166 515 3234 tristes
533 3165 633 3233 animi
655 3189 774 3233 cavere
795 3188 942 3250 morsus,

249 3361 412 3417 'Martialem
428 3364 558 3417 omittunt
573 3362 635 3416 edd.
657 3376 720 3417 vett.
766 3363 845 3415 inusti
858 3361 930 3427 dies,
940 3363 1022 3435 nigris
1033 3383 1097 3419 vero
1112 3366 1220 3420 infausti
1228 3386 1280 3420 no-

209 3442 274 3497 Vid.
284 3443 330 3498 lib.
344 3444 397 3508 IX,
411 3443 495 3515 epigr.
507 3462 602 3497 xcvrn.
619 3475 659 3486 -
673 3444 720 3496 Ni·
766 3444 891 3496 tabantur
903 3460 909 3495 :
922 3443 968 3496 lib.
985 3445 1071 3505 VIII,
1084 3446 1169 3516 epigr.
1183 3466 1246 3501 xer.

207 3524 294 3576 mium
305 3524 721 3588 usumsamilinrium,molestias
807 3526 833 3577 6.
854 3525 996 3591 Dr'geratur.
1024 3524 1083 3576 Hoc
1105 3538 1163 3591 est,
1187 3525 1280 3581 distri·

208 3622 316 3667 cresre,
334 3615 361 3655 et
382 3604 538 3674 perturbare
556 3603 618 3656 vitae
639 3605 722 3656 bestae
765 3601 874 3667 buntur,
892 3604 920 3656 in
934 3603 1003 3656 hane
1015 3619 1119 3676 partem
1134 3607 1236 3659 seratur
1254 3619 1281 3660 et

207 3683 428 3754 tranquillitatem
443 3681 521 3737 docet
533 3684 638 3736 Noster.
766 3682 795 3736 in
810 3683 891 3736 illam.

249 3780 272 3814 1.
288 3761 384 3815 Menses
399 3761 459 3816 cod.
482 3764 586 3816 Beverl.
602 3793 642 3804 -·
663 3764 719 3814 Tri·
804 3783 831 3833 7.
847 3764 1013 3833 Nigricrntem
1026 3764 1128 3818 Beverl.
1143 3765 1280 3818 —Vinret

206 3845 286 3913 ginta.
298 3842 403 3908 Quibus
412 3856 544 3897 manserat
554 3845 647 3896 Romu
656 3861 663 3895 :
671 3843 719 3897 lib.
763 3844 876 3897 candida.
888 3844 980 3897 Plures
993 3845 1208 3898 numerabuntur
1220 3844 1279 3900 dies

207 3923 247 3987 X,
262 3921 345 3993 epigr.
356 3940 415 3988 civ,
428 3941 466 3975 vs.
483 3943 525 3976 ιο.
763 3923 867 3989 felices,
879 3941 958 3994 qnam
971 3924 1067 3986 moesti,

249 4000 720 4073 5.Eest0atcuus.1.apidihuulbis
805 4022 832 4072 9.
848 3982 935 4057 Auel-i
952 4023 1050 4057 monn.
1070 4003 1129 4060 1100
1143 4015 1200 4091 eq,
1211 4023 1277 4057 ms
