2670 4808
98 340 103 353 '
127 334 176 408 26
407 334 905 408 M.VAL.MART1A1.ls

562 563 752 649 XXIX.

400 798 451 843 nn
478 797 740 843 nruasocsuu
767 766 917 844 suun*

180 988 428 1053 Hanuoonuns
444 996 556 1051 tantus
573 1006 786 1077 mapparum,
804 984 955 1069 Pontice,
970 982 1024 1050 fur
1040 997 1105 1069 est,

232 1089 386 1177 Quantus
402 1112 616 1156 nummorum
632 1091 705 1176 vix,
720 1102 820 1183 puto,
838 1091 950 1157 Massa
964 1087 1037 1157 fuir.

180 1199 230 1264 Tu
246 1193 321 1264 licet
336 1193 491 1262 observes
506 1193 676 1280 dextram,
690 1209 866 1289 teneasque
881 1195 1065 1278 sinistram,

234 1300 405 1383 Inveniet,
420 1324 576 1394 mappam
593 1325 660 1393 qua
677 1302 804 1370 ratione
819 1300 940 1369 trahat.

183 1407 346 1476 Cervinus
364 1404 509 1500 gelidum
528 1405 639 1476 sorbet
654 1408 700 1476 sic
714 1406 835 1476 balitus
851 1430 1010 1501 anguem:
1188 1435 1199 1469 s

238 1514 381 1582 Casuras
405 1510 470 1581 alte
491 1514 538 1582 sic
559 1516 645 1607 rapit
666 1515 728 1581 Iris
750 1537 861 1606 aquas.

182 1620 299 1713 Nuper
319 1642 422 1712 quum
441 1619 575 1714 Myrino
593 1633 761 1714 peteretur
779 1620 892 1687 missio
910 1614 1004 1704 laeso,

238 1724 402 1793 Subduxit
417 1748 556 1820 mappas
572 1740 716 1820 quatuor
729 1728 966 1821 Hermogenes.

185 1832 355 1899 Cretatam
370 1845 493 1925 praetor
508 1855 610 1925 quum
626 1830 724 1901 vellet
738 1833 869 1900 mittere
883 1852 1054 1923 mappam,

173 2058 185 2082 ¹
197 2065 296 2118 Furem
307 2066 427 2120 nobilem
438 2079 464 2120 et
478 2067 644 2137 ingeniosum
730 2071 757 2121 6.
776 2066 833 2119 Iris.
852 2067 940 2118 Meus
959 2063 1059 2119 scilicet
1083 2063 1205 2117 celestis.

135 2145 185 2198 sub
198 2164 311 2214 persona
326 2147 499 2216 Hermogenis
515 2145 644 2217 depingit.
688 2146 859 2210 Aristoteles,
872 2145 919 2197 lib.
930 2145 971 2197 111
984 2145 1100 2197 Meteor.
1111 2144 1148 2195 ὅτι
1159 2144 1204 2214 μὲν

136 2224 225 2276 Finxit
240 2225 320 2276 etiam
334 2224 414 2276 Poeta
428 2238 521 2294 aptum
532 2225 585 2278 luri
597 2243 646 2278 no·
690 2221 728 2278 οὖν
741 2225 874 2286 ἀνάκλασις
893 2227 909 2281 al
927 2225 970 2294 ἶρις
989 2228 1033 2283 τῆς
1054 2223 1130 2291 ὅψεως
1143 2225 1205 2294 πρὸς

135 2302 274 2355 menVid.
288 2315 346 2357 not.
362 2303 468 2374 subseq.
688 2307 729 2358 τὸν
743 2305 822 2369 ἥλιον,
834 2306 943 2375 φανερόν.
961 2330 971 2349 ι
984 2300 1067 2367 Quod
1079 2320 1144 2372 ergo
1155 2304 1207 2354 Iris

181 2401 205 2434 1.
218 2383 389 2452 Hermogenes.
404 2390 460 2436 Hoc
470 2394 525 2448 est,
536 2384 569 2436 ab
583 2383 649 2436 ller-
690 2386 725 2437 sit
744 2386 869 2437 refractio
892 2382 1030 2453 adspectus
1050 2380 1085 2434 ad
1104 2382 1208 2445 solem,

135 2480 179 2513 me
191 2480 236 2514 seu
246 2462 381 2516 Mercurio
390 2463 509 2535 genitus,
520 2463 567 2535 qui
577 2481 649 2516 nem·
690 2464 861 2517 manifestum
883 2476 923 2517 est
944 2488 976 2529 ι,
993 2475 1043 2514 etc.
1062 2461 1132 2514 Plin.
1157 2461 1206 2515 lib.

138 2560 172 2612 pe
193 2554 231 2593 est
251 2542 340 2594 lurum
362 2541 428 2596 deus
447 2560 454 2595 :
473 2556 563 2596 noster
585 2562 648 2612 ergo
691 2545 733 2605 11,
748 2562 805 2613 cap.
823 2543 868 2612 59.

137 2634 218 2690 poeta
232 2622 399 2691 aptissimum
414 2621 467 2676 luri
479 2623 530 2676 boc
548 2642 648 2676 nomen
734 2642 760 2693 7.
770 2624 851 2693 Quam
858 2623 967 2695 Myrino,
978 2634 1030 2675 etc.
1042 2622 1083 2673 De
1092 2638 1147 2691 qno
1159 2620 1208 2673 lib.

139 2700 305 2771 excogitavit.
487 2748 490 2753 .
692 2703 781 2772 spect.
802 2702 885 2774 epigr.
905 2720 957 2767 ¹¹3
975 2702 1027 2754 hoe
1047 2712 1103 2764 est,
1121 2718 1208 2772 quum

181 2781 650 2854 a.Massn.Verresnovusimperante
693 2781 802 2853 Myrino
816 2781 955 2854 gladiatori
968 2780 1059 2833 missio
1071 2791 1210 2850 peteretur

139 2860 302 2913 Domitiano.
315 2862 355 2914 De
368 2880 399 2914 eo
415 2861 519 2914 Plinius
531 2861 621 2930 junior
632 2862 649 2914 l.
693 2862 836 2933 apopulo,
849 2862 892 2915 vel
907 2862 939 2914 ab
956 2861 1014 2933 ipso
1024 2859 1134 2930 Myrino
1144 2859 1211 2913 laeso

139 2940 293 3011 V11,epist.
306 2941 392 3004 ulna,
406 2938 542 2994 «Dederat
556 2960 598 2993 me
608 2959 650 2993 se·
694 2955 831 3014 peteretur
850 2961 857 2995 ε
875 2941 930 2994 laesi
953 2941 1024 2994 euim
1048 2938 1210 3010 gladiatores

140 3032 289 3073 natuscum
302 3019 437 3073 Herennio
447 3020 594 3073 Senecione
605 3018 651 3074 ad·
694 3040 768 3074 arma
784 3021 989 3085 submittebant,
1010 3031 1037 3072 et
1054 3020 1136 3071 vitam
1160 3019 1211 3072 nli·

139 3113 267 3153 vocatnm
282 3099 427 3170 provincia
442 3100 652 3154 Beticecontra
694 3099 802 3171 qnando
825 3101 1003 3171 impetrabant
1028 3099 1063 3151 ab
1089 3100 1211 3168 Impera·

141 3177 652 3250 Baebianassam;damnntoqueMas·
695 3192 764 3244 tore,
792 3192 838 3232 aut
864 3199 878 3232 a
905 3181 1023 3252 populo,
1042 3176 1108 3231 dum
1128 3188 1210 3231 staret

141 3278 183 3325 sa,
194 3269 347 3322 censuerat,
359 3259 466 3311 utbona
475 3260 533 3329 ejus
545 3259 652 3328 publice
696 3259 854 3330 respublica.

141 3337 349 3392 custodirentur.
360 3363 371 3384 ι
736 3358 764 3407 9.
771 3339 1019 3411 Cretatamsignum
1027 3356 1125 3408 nempe
1133 3334 1210 3408 quod

184 3417 210 3472 5.
227 3418 341 3471 &vinias
356 3416 479 3486 gelidum,
497 3429 547 3470 etc.
563 3420 653 3470 Attra·
696 3417 832 3471 mittendis
848 3417 983 3490 quadrigis
998 3416 1112 3470 dabatur
1125 3417 1153 3468 in
1167 3417 1212 3469 ln·

142 3497 185 3551 ltit
196 3499 358 3568 surripitque
369 3515 478 3567 mappas
489 3497 577 3553 nativa
591 3515 654 3567 qua·
697 3496 738 3551 dis
749 3497 931 3551 Circensibus.
944 3496 1064 3550 Raderus
1077 3509 1167 3549 autem
1180 3514 1212 3549 ex

143 3576 203 3631 dam
216 3577 431 3641 furacitate,non
443 3595 518 3633 secus
525 3594 554 3630 ac
561 3595 653 3630 cervus
697 3575 825 3636 cedreno
840 3579 938 3643 refert,
954 3577 1024 3629 hanc
1042 3576 1122 3629 luisse
1138 3594 1215 3629 occa·

142 3656 256 3710 natarali
278 3657 423 3727 antipathia
437 3669 599 3727 serpentese
616 3656 654 3709 la·
697 3657 796 3711 sionem
818 3675 923 3728 mappae
940 3657 968 3709 in
983 3657 1084 3709 circum
1101 3655 1213 3708 mitten·

143 3736 226 3790 tebris
236 3735 332 3806 spiritu
344 3736 470 3797 extrahit,
480 3754 566 3789 cornu
578 3734 655 3788 elidit
698 3735 753 3799 dn,
776 3735 849 3807 quod
864 3738 1047 3808 magistratus,
1064 3747 1128 3788 auto
1149 3735 1214 3787 mis-

144 3828 280 3888 uoratque.
298 3813 378 3867 Unde
399 3817 487 3885 stupor
509 3816 653 3869 Plutarcho
698 3817 816 3880 sionem,
839 3836 919 3888 super
941 3817 1056 3868 fornices
1075 3832 1213 3867 carcerum

142 3896 189 3948 lib.
211 3894 245 3948 do
264 3892 348 3956 Prud,
365 3894 471 3948 animal.
491 3893 578 3947 dictus
603 3897 652 3948 ἀπὸ
697 3915 729 3948 eo
751 3898 809 3950 loco
831 3895 903 3949 unde
926 3895 1098 3965 spectabant,
1119 3893 1214 3946 convi-

142 3980 186 4029 τοῦ
202 3977 260 4027 ἑλεῖν
277 3974 318 4028 vel
335 3977 391 4047 ίλᾲν
407 3975 463 4038 τοὺς
480 3976 552 4047 ὄφεις.
697 3972 1139 4046 viumcurarent,mappamquein
1149 3984 1216 4029 tem·
