2670 4808
114 353 162 434 ad
397 349 446 417 M.
463 350 570 419 vsu
599 348 895 417 MARTIALIS

165 478 255 568 Quid
273 477 418 573 petitur?
437 494 534 573 rupta
557 504 659 573 quum
681 503 740 573 pes
760 502 865 573 vagus
887 478 953 546 exit
974 474 1082 562 aluta,

218 588 261 653 Et
281 584 408 654 subitus
427 609 545 654 crassae
565 584 687 653 decidit
707 583 814 653 imber
835 608 947 678 aquae;

163 693 235 761 Nec
252 693 345 759 venit
361 689 478 760 ablatis
496 689 656 760 clamatus
679 713 780 758 verna
802 687 941 759 lacernis
959 714 967 755 :

217 796 357 866 Accedit
379 796 521 892 gelidam
539 821 655 865 servus
676 796 719 864 ad
740 793 942 881 auriculam,

164 905 225 989 Et,
242 905 353 997 Rogat
372 917 411 970 ut
431 927 542 974 coenes
562 926 674 972 secum
696 902 882 986 Laetorius,
904 901 1019 993 inquit

223 1009 347 1102 Viginti
369 1009 513 1076 nummis
531 1032 600 1078 non
613 1032 684 1102 ego
703 1005 792 1075 malo
814 1003 960 1075 famem?

166 1113 267 1202 Quod
288 1116 330 1183 sit
347 1138 442 1182 coena
462 1114 559 1202 milti,
581 1113 641 1182 tibi
662 1113 705 1183 sit
725 1113 897 1208 provincia
915 1135 1058 1197 merces,
1160 1144 1184 1181 ιε

219 1223 263 1288 Et
281 1220 441 1289 faciamus
458 1219 564 1306 idem,
583 1244 645 1289 nec
665 1243 854 1288 mereamur
873 1218 970 1287 idem.

155 1448 182 1497 9.
199 1428 281 1498 Rupta
291 1447 364 1501 quum
375 1447 434 1499 pes,
450 1441 499 1483 etc.
514 1426 626 1498 Fatigati
670 1429 770 1479 Annon
783 1445 867 1498 parvo
880 1425 948 1479 milri
962 1425 1044 1479 setim
1055 1436 1124 1479 esset
1134 1422 1185 1478 do-

112 1526 211 1578 nempe
219 1507 254 1559 ob
262 1508 625 1570 totettantascursitationes,
669 1507 708 1560 mi
727 1519 835 1560 tenuem
851 1525 934 1577 parvo
954 1504 1043 1575 pretio
1065 1517 1185 1575 emptam

113 1586 627 1652 salutationes,anteambulationesIis·
670 1605 777 1639 sumere
794 1604 910 1649 coenam,
925 1603 1005 1656 quam
1026 1596 1066 1636 tot
1087 1584 1186 1638 officiis

116 1664 177 1719 dem
187 1667 243 1718 sere
251 1666 339 1719 verbis
348 1669 364 1719 J
367 1667 497 1732 uvenalis,
506 1665 560 1719 Sat.
570 1667 627 1731 111,
670 1678 696 1719 et
710 1677 787 1719 tanto
802 1666 892 1717 labore
911 1664 1030 1716 fructum
1052 1662 1187 1717 demereri

115 1764 142 1796 ν.
159 1752 212 1814 [49
226 1758 252 1797 et
268 1745 322 1797 150
335 1764 341 1798 :
359 1773 370 1794 ι
381 1760 460 1818 rupta
473 1747 577 1800 calceus
588 1746 626 1798 al·
669 1758 770 1798 rectam
781 1762 882 1797 coenrm
893 1745 937 1796 vel
949 1743 1114 1813 sportulam?
1126 1763 1186 1814 quse

115 1837 157 1876 ter
169 1824 241 1876 Pelle
253 1837 333 1895 patet.
349 1852 359 1870 ·
375 1827 427 1880 En.
670 1838 780 1877 centum
800 1822 991 1894 quadrantibus
1006 1814 1069 1888 (vel
1089 1823 1186 1894 viginti

158 1922 202 1956 ro.
216 1905 256 1956 Et
267 1904 366 1957 subitus.
379 1905 413 1957 Et
426 1904 515 1976 pluvia
528 1922 626 1975 repen·
670 1904 790 1975 quinque
810 1904 936 1956 sestertiis
953 1898 1099 1964 aestimata).
1112 1904 1187 1956 Con·

114 1982 170 2037 tina
185 1985 307 2054 perfusus
326 1982 435 2037 domum
454 1983 544 2036 redeo.
560 1983 625 2036 Vid.
671 1985 711 2036 fer
729 1982 763 2034 ad
785 1983 898 2052 Epictet.
918 1982 965 2034 lib.
982 1983 1035 2043 ΙΙΙ,
1052 1987 1110 2053 c'ap.
1132 1987 1186 2047 26,

114 2063 265 2128 luvenalis,
281 2065 329 2134 qui
348 2063 401 2117 Sat.
416 2065 475 2127 ΙΙΙ,
491 2064 540 2116 hac
553 2062 627 2119 locu·
671 2076 698 2115 et
714 2062 860 2131 Antlrolog.
880 2061 928 2114 lib.
942 2062 979 2123 V,
997 2079 1056 2132 cap.
1076 2079 1128 2127 12,
1152 2063 1186 2122 ιίς

115 2143 191 2195 tione
210 2143 304 2194 utitur.
324 2142 396 2194 Male
418 2162 505 2214 aquam
525 2161 628 2193 crassam
672 2141 829 2210 αὐτάρκιιαν.

115 2220 256 2291 corporis,
279 2219 404 2273 sudorem
438 2222 629 2291 interpretatur
716 2220 762 2274 15.
777 2221 900 2290 Quamsr't
911 2217 972 2272 edd.
985 2218 1094 2272 Schrev.
1105 2220 1186 2275 sart.

115 2300 259 2353 Domitius.
675 2326 686 2346 ι
696 2299 749 2351 ΑΙὶί
764 2300 815 2370 leg.
831 2299 911 2367 Qumis
925 2302 957 2352 sit
967 2320 976 2352 :
985 2317 1035 2370 ego
1052 2300 1105 2352 Cur
1117 2305 1160 2354 sr't.
1171 2326 1183 2349 s

160 2397 205 2435 11.
214 2379 323 2431 Abusus
332 2379 348 2430 J
351 2396 390 2432 sc.
400 2379 559 2449 Bonqarsius
568 2397 630 2431 con·
671 2379 693 2432 F
694 2379 830 2433 ernab.-
840 2379 915 2447 Quod
926 2382 960 2431 sit
969 2398 1036 2431 eene
1047 2379 1114 2431 milri.
1126 2380 1187 2433 Hoc

113 2458 173 2530 jicit
190 2456 332 2529 legendnm
348 2476 404 2512 esse
419 2458 567 2511 adarm-
576 2458 630 2511 Nee
672 2470 728 2525 est,
741 2458 806 2512 Ideo
819 2477 923 2512 summo
937 2477 1015 2512 mane
1027 2476 1077 2530 per
1090 2459 1188 2514 urbem

119 2542 192 2592 venit.
206 2538 265 2590 Hoc
276 2550 331 2591 est:
345 2538 401 2591 Nec
414 2550 523 2593 vocatus
538 2537 629 2591 multi·
670 2558 726 2592 non
738 2537 873 2603 discurro,
887 2537 961 2610 quod
973 2538 1069 2591 similia
1084 2558 1144 2592 mea
1159 2552 1186 2593 et

116 2618 180 2690 plici
194 2618 309 2671 clamore
319 2617 470 2688 iterumque
479 2617 630 2689 iterumque
671 2631 718 2672 tua
732 2618 821 2673 officia
838 2619 920 2672 simili
935 2616 1060 2671 mercede
1076 2639 1133 2671 non
1144 2639 1188 2673 re·

116 2708 224 2768 rogatus
232 2716 336 2762 ,servus
344 2716 413 2750 unus
424 2715 457 2750 ex
468 2709 541 2751 tanta
547 2695 629 2750 domo
671 2711 856 2752 munerentur.
865 2698 976 2751 -JPibi
988 2699 1060 2750 enim
1074 2700 1188 2768 provin·

117 2775 222 2830 detritis
241 2777 307 2831 meis
320 2777 435 2831 lacernis
450 2790 496 2831 ant
511 2775 630 2831 humidis
671 2779 718 2831 cie
728 2776 944 2833 adminuumda
954 2777 1065 2830 habente
1076 2780 1190 2851 permit·

117 2855 207 2919 adest,
224 2857 271 2927 qui
289 2874 371 2909 noras
391 2857 499 2922 afferat,
519 2855 629 2912 detritas
671 2870 775 2924 tuntur,
786 2858 853 2911 mihi
864 2858 998 2928 sportula:
1008 2859 1128 2928 sportula
1139 2877 1188 2911 ve·

118 2936 211 3000 tollat;
224 2934 270 2988 sed
289 2935 417 2990 duntaxat
432 2955 447 2990 a
461 2934 546 2991 divite
561 2956 628 3009 quo·
670 2957 718 3004 ro,
733 2951 764 2992 ut
778 2941 832 3009 jam
852 2936 982 3001 diximus,
996 2937 1089 3008 viginti
1103 2939 1188 3009 qnin-

117 3013 180 3071 dsm
191 3015 307 3069 Laturio
318 3016 394 3070 venit
406 3034 514 3082 servus,
527 3017 574 3088 qui
586 3036 629 3071 me
671 3036 725 3090 qus
746 3017 873 3071 sestertiis
895 3015 1075 3069 estimabatur
1089 3037 1099 3083 3
1120 3037 1187 3089 pro·

115 3094 202 3148 multo
211 3094 291 3148 nimis
303 3094 474 3167 defatigatum
489 3096 583 3150 invitet
595 3095 629 3151 ad
670 3097 788 3150 consulis
807 3096 947 3162 salarium,
965 3096 1115 3168 imperante
1129 3100 1188 3151 An-

116 3176 288 3229 coentmAEn.
670 3188 763 3247 gusto,
776 3178 830 3245 jam
845 3190 901 3229 erat
918 3176 980 3247 plus
999 3195 1079 3247 quam
1097 3176 1186 3230 decies

155 3261 204 3318 ³⁴·
224 3255 342 3316 Famem
365 3252 408 3309 ed.
428 3254 515 3310 Maiis.
531 3255 631 3326 Viguit
672 3256 743 3314 (roo
759 3256 823 3307 mille
830 3256 942 3322 fraires).
955 3257 1008 3309 En.

115 3336 236 3398 smmis,
252 3353 300 3387 noa
312 3353 357 3405 ego
365 3374 374 3400 ,
388 3336 452 3387 malo
462 3337 569 3403 samem
583 3334 628 3390 ed.
715 3335 822 3389 rauce
833 3355 971 3388 mereamur.
982 3336 1041 3391 tior
1053 3348 1107 3401 est,
1117 3355 1188 3389 nova

116 3410 251 3467 Schrerel.
265 3414 363 3485 Vr'gists'
375 3419 497 3468 nammis?
507 3435 555 3469 nou
564 3435 628 3484 ego:
670 3413 789 3486 ejusdem
802 3417 939 3469 sententie
954 3415 1112 3486 espsppa'ss.
1133 3415 1189 3470 Ne·

115 3493 179 3544 malo
185 3494 292 3559 samem,
303 3493 347 3549 ed.
357 3495 435 3547 Barb.
448 3496 528 3548 Forte
537 3493 628 3566 legen·
670 3513 724 3565 que
732 3492 804 3547 idem
813 3496 953 3564 premium
963 3495 1109 3548 reseramus
1118 3497 1188 3565 ejus«

116 3569 182 3625 dnm
193 3591 242 3626 sou
251 3593 287 3627 eo.
298 3574 442 3644 -Vigs‘str'
452 3579 566 3638 nummis,
577 3587 627 3628 etc
671 3572 733 3627 dem
745 3575 852 3629 laboris.
