2670 4808
401 338 449 404 M.
466 339 572 406 VAL.
600 337 894 407 MARTIALIS

271 469 380 538 Vicini
396 481 488 537 strue
506 466 614 537 cultus
632 466 751 553 ilicet,

271 573 379 643 Multa
399 571 508 643 villica
527 599 627 669 quem
649 588 788 644 coronat
805 573 879 643 olla.

271 683 421 750 Venator
440 681 605 774 sequitur3
624 679 681 749 sed
700 678 771 764 iile,
792 705 891 774 quem
913 694 949 749 tu

272 789 407 856 Secreta
424 787 538 879 cupias
556 786 680 855 habere
696 784 797 879 sylva.

269 894 449 986 Dispensat
469 892 599 986 pueris,
619 906 779 986 rogatque
800 889 917 986 longos

271 998 370 1068 Levis
391 1021 516 1091 ponere
535 996 663 1068 villicus
683 996 827 1091 capillosf

270 1105 324 1172 Sic
345 1127 399 1171 me
420 1104 554 1190 vivere,
576 1105 623 1173 sic
639 1103 734 1196 juvat
756 1105 872 1197 perire.

117 1323 200 1388 1617.
213 1313 404 1383 -Surgentem
412 1314 494 1382 soem.
511 1312 625 1368 «Vicina
669 1314 762 1367 vacula
781 1332 871 1379 rauna,
891 1326 968 1386 angat
986 1313 1129 1368 dominnm
1153 1332 1183 1370 nt

112 1400 140 1450 in
154 1397 242 1467 ipsum
255 1394 329 1464 sylva
339 1391 482 1447 descendet
495 1393 627 1460 iocum»,
669 1393 747 1446 liceat
776 1394 866 1465 pneris
894 1392 1028 1465 deponere
1052 1395 1182 1466 capillos,

7 1516 9 1521 ·
112 1477 161 1530 lib.
174 1476 206 1541 1,
220 1473 304 1544 epigr.
320 1492 352 1539 n,
364 1491 405 1526 va.
420 1491 465 1544 ²7·
670 1470 747 1543 quod
758 1471 862 1543 tignum
872 1485 929 1526 eret
940 1474 1057 1527 emeritae
1069 1494 1123 1528 ium
1135 1477 1186 1529 mi·
1204 1532 1209 1545 ⁸

153 1573 198 1608 ao.
214 1553 302 1606 Fultus
312 1550 372 1605 cod.
382 1553 484 1606 Bevert
669 1552 750 1615 litiae,
760 1565 791 1604 nt
800 1552 892 1622 jamin
903 1553 974 1606 viros
983 1554 1134 1625 transcripti
1143 1557 1182 1608 rei

154 1652 200 1687 ιι.
212 1630 295 1686 Multa
305 1632 401 1696 villica,
413 1644 464 1685 etc.
475 1631 563 1695 Quom
571 1629 621 1682 vil·
665 1631 771 1684 rusticae
793 1629 858 1684 dent
880 1651 998 1704 operam.
1018 1634 1183 1687 Ramiresins

112 1715 164 1768 lica
172 1712 254 1784 cingit
265 1711 357 1764 multis
367 1712 435 1766 ollis.
447 1711 499 1764 vet
511 1709 553 1764 cui
562 1710 622 1762 foco
666 1709 700 1763 ad
720 1710 767 1764 lib.
792 1712 848 1777 111,
862 1712 946 1783 epigr.
963 1730 1034 1764 nvm
1056 1714 1183 1786 intelligit

109 1793 199 1848 villica
216 1791 332 1862 imponit
349 1791 415 1844 ollas
429 1803 572 1862 coquentes
587 1787 621 1842 ad
665 1789 756 1862 'ipsum
767 1790 886 1843 villicum
896 1792 982 1845 levem
993 1811 1086 1863 rogare
1097 1791 1184 1847 domi·

111 1870 223 1946 prandia
236 1883 263 1924 et
279 1888 373 1924 coenm.
668 1889 752 1933 num,
771 1882 801 1922 nt
818 1871 871 1923 hoo
890 1872 941 1924 sibi
959 1872 1044 1924 liceat.
1059 1871 1131 1926 Vide
1149 1892 1184 1926 an

155 1972 197 2004 aa.
211 1951 267 2014 Ille,
283 1970 350 2023 quem
365 1962 398 2002 tn.
410 1950 545 2002 Delicatus
557 1947 624 2002 adeo
668 1949 722 2002 huc
734 1950 811 2003 faciat
822 1948 890 2002 illud
902 1950 999 2003 Catulli
1009 1951 1036 2003 in
1049 1952 1185 2022 Epithala-

111 2048 139 2088 et
154 2031 254 2096 mollia,
266 2041 296 2083 ut
316 2031 344 2081 in
365 2028 467 2083 deliciis
484 2029 582 2082 habeas
598 2041 625 2080 et
668 2027 1184 2095 mio,«Sordobamtibi,villiceConcu·

111 2111 217 2184 cupiat,
231 2122 281 2162 etc.
667 2108 747 2171 hine,
759 2104 840 2160 hodie
849 2121 927 2179 atque
938 2109 1005 2162 heri.
1014 2110 1093 2164 Nunc
1102 2124 1182 2165 tuum

153 2190 198 2243 23.
213 2190 361 2258 Dispcmant
368 2190 440 2257 pueri
450 2187 494 2238 ed.
506 2184 584 2238 Barb.
594 2197 624 2238 et
667 2186 1108 2243 cinerariuaTondetos.·-Levis
1117 2194 1185 2245 villi·

111 2271 148 2325 oic
160 2268 225 2323 alios
242 2268 329 2337 legere
342 2265 445 2318 notavit
463 2264 623 2328 Farnobium
667 2285 718 2329 cus,
732 2266 777 2319 cni
787 2266 854 2320 nihil
868 2267 956 2321 edhno
968 2283 1025 2322 emt
1035 2270 1184 2341 lanuginis,

112 2345 187 2422 qnod
199 2358 287 2400 tamen
303 2345 365 2399 satis
378 2345 493 2399 obscuro
506 2362 595 2397 senen.
668 2344 894 2417 quemadmodum
908 2349 977 2401 loem
988 2369 1076 2419 poem
1094 2338 1185 2422 posuit

154 2433 200 2491 ²4·
212 2427 339 2499 Rogatque
348 2424 566 2495 longos.Villicm
574 2443 624 2477 no·
667 2425 716 2479 lib.
732 2426 789 2493 xl,
803 2427 889 2497 epigr.
907 2445 975 2481 xxii.

578 2599 711 2688 XIX

520 2825 569 2869 DE
597 2825 767 2873 miluo.

166 2994 208 3062 In
227 2989 365 3058 thermis
383 2987 483 3056 sumit
501 2985 664 3074 lactucas,
681 3011 762 3075 ova,
781 2987 961 3078 lacertum,

220 3097 265 3164 Et
282 3117 413 3164 coenare
431 3091 512 3163 furis
531 3118 566 3162 se
584 3107 684 3187 negat
701 3090 858 3163 AEmilius.

158 3322 182 3356 ι.
195 3300 341 3354 lutici-mis.
353 3297 456 3350 Diuites
468 3295 625 3367 inquibus·
670 3295 756 3349 nescit
777 3297 851 3350 abire
873 3295 992 3353 domum.
1010 3327 1022 3348 ι
1041 3334 1080 3344 -
1093 3305 1185 3359 Lactu-

114 3401 178 3438 onm
188 3381 311 3434 lavabant
321 3378 397 3431 cibos
408 3394 507 3448 paucos
517 3386 544 3427 et
555 3375 627 3428 tem
670 3396 725 3439 cos,
738 3395 797 3439 ova,
810 3379 931 3432 lacertum.
944 3380 1015 3451 Ergo
1027 3399 1099 3447 non,
1110 3387 1186 3441 velut

114 3463 143 3515 in
157 3461 221 3533 ipsis
235 3459 346 3512 thermis
359 3455 627 3509 distribuebantthot
670 3473 720 3527 par
733 3467 786 3517 eat,
799 3456 900 3528 aliquid
912 3457 1039 3514 duntaxat
1048 3462 1114 3516 libat
1129 3483 1185 3536 qno

115 3540 237 3595 AEmilim
245 3538 371 3602 vorabat,
383 3537 418 3589 ita
428 3549 459 3588 ut
472 3534 496 3586 ei
508 3552 562 3587 non
573 3537 628 3605 jam
675 3560 687 3583 ι
696 3535 832 3588 stomacho
840 3536 947 3591 accedat
958 3540 1056 3594 fultura
1069 3546 1160 3598 ruenti
1169 3571 1182 3592 ι

114 3637 221 3674 neceme
234 3617 307 3670 soret
317 3633 422 3670 omnare
432 3614 510 3667 foris:
521 3613 628 3666 interim
673 3606 789 3682 (notum
802 3616 874 3668 enim
887 3655 895 3682 ,
908 3636 967 3689 qnae
979 3635 1104 3692 sequatur
1114 3624 1187 3678 tm.

113 3698 276 3772 pndicabat
289 3715 317 3748 oe
329 3715 384 3749 non
397 3706 503 3766 captare
515 3693 629 3747 alienam
672 3693 773 3748 tionem
788 3694 926 3762 debilitas,
939 3700 1086 3770 prasertim
1103 3704 1124 3755 si
1141 3724 1185 3757 ca·

113 3796 215 3834 omnam
224 3815 233 3843 ‚
242 3775 318 3848 quani
329 3772 443 3847 perinde
453 3792 508 3827 non
522 3784 590 3826 emet
600 3773 629 3827 in
672 3772 734 3826 lidia
750 3776 841 3845 aquis,
855 3776 878 3830 ti
893 3777 1016 3832 laconicis
1031 3798 1128 3852 corpus
1149 3784 1188 3836 fo·

113 3857 207 3912 alienia
219 3854 322 3909 adibus
335 3871 447 3907 conare.
460 3853 551 3925 Epigr.
563 3871 630 3918 ixx,
673 3846 793 3923 veatm);
809 3853 857 3909 sed
869 3857 1023 3911 convivium
1038 3873 1125 3915 totum
1139 3864 1186 3918 ab·

113 3938 199 4007 intra,
211 3935 247 3990 de
256 3937 342 4007 Apro:
352 3959 363 3981 ·
374 3932 486 3987 sobrio·
495 3950 510 3986 a
520 3931 630 3985 mermi·
675 3935 829 3989 sumebatur
844 3937 901 4006 ejus
914 3936 1039 4008 ingluvie.
1052 3939 1103 3995 En.
