2670 4808
100 430 121 473 2
387 405 436 471 Μ.
458 404 567 475 VAL
595 403 883 476 MARTIALIS

97 535 198 607 tibus'
216 562 286 607 uon
304 538 474 607 sentiunt:
489 536 533 607 ad
549 561 714 607 summam
733 540 885 609 omnium
906 565 968 629 ca,
989 541 1076 637 quae¹
1099 544 1178 617 deli

95 645 162 714 cati
178 642 371 740 reliquimus
377 629 402 732 ³,
415 645 508 739 quasi
523 642 673 713 destituti
688 643 925 718 desideramus.
944 638 1105 719 Accedit⁴
1123 652 1178 725 his

94 749 344 847 municipalium
369 750 492 847 rubigo
517 750 690 837 dentium,
710 765 744 819 et
767 751 882 846 judicii
906 751 983 825 loco
1010 753 1118 847 livor,
1141 775 1178 830 et

95 882 182 928 unus
196 872 255 929 aut
270 844 367 928 alter⁵
382 856 482 946 mali,
498 859 533 926 in
544 854 666 952 pusillo
673 855 749 927 loco
767 856 884 946 multi,
899 848 1073 932 adversus⁶
1088 890 1177 960 quos

93 964 228 1035 difficile
241 965 425 1034 esthabere
434 964 582 1059 quotidie
596 963 724 1033 bonum
736 967 958 1035 stomachum.
975 971 1028 1038 Ne
1043 971 1177 1044 mireris

92 1072 195 1166 igitur
207 1071 337 1165 abjecta
350 1071 393 1139 ab
405 1071 620 1167 indignante,
634 1095 709 1165 quae
720 1096 740 1140 a
751 1073 911 1167 gestiente
926 1073 998 1143 fieri
1009 1074 1175 1149 solebant.

91 1180 143 1248 Ne
166 1179 246 1272 quid
271 1193 384 1248 tamen
408 1192 443 1246 ct
470 1179 659 1247 advenienti
681 1177 740 1246 tibi
765 1178 809 1246 ab
828 1180 943 1267 Urbe,
970 1195 1005 1250 et
1027 1184 1175 1277 exigenti

90 1307 249 1383 negarem
263 1277 335 1373 (cui
357 1309 426 1353 non
446 1284 555 1354 refero
572 1285 714 1379 gratiam
722 1284 746 1369 ⁷,
765 1286 941 1355 sitantum
960 1311 999 1354 ea
1018 1273 1175 1382 ⁸praesto,

90 1417 165 1487 quae
183 1388 349 1488 possim),
369 1389 552 1485 imperavi⁹
570 1391 668 1477 mihi,
688 1390 780 1485 quod
800 1390 973 1486 indulgere
984 1391 1008 1416 ¹⁰
1027 1419 1174 1466 consue-

89 1522 203 1568 veram
214 1496 251 1585 ¹¹,
269 1511 303 1566 et
330 1496 441 1566 studui
460 1498 666 1592 paucissimis
682 1497 818 1584 diebus,
842 1512 882 1566 ut
900 1497 1176 1573 familiarissimas

91 1605 173 1675 mihi
191 1628 289 1674 aures
298 1617 373 1673 tuas
385 1604 572 1698 exciperem
588 1603 783 1672 adventoria
795 1602 890 1672 sua¹².
906 1606 959 1673 Tu
974 1604 1074 1675 velim
1090 1607 1172 1695 ista,

135 1863 161 1899 t.
176 1841 322 1898 &avim
341 1840 450 1895 omnibns
470 1840 566 1894 studere
583 1861 609 1893 se
651 1853 745 1913 gauter
765 1842 835 1896 hanc
856 1842 1015 1896 sententiam
1044 1848 1176 1918 expressit

90 1926 244 1986 umam,
256 1920 332 1995 qnod
344 1922 410 1975 olim
418 1922 609 1993 legebstm.-
652 1922 749 1976 Cicero
762 1923 810 1975 tib.
826 1923 876 1986 IV,
892 1923 971 1994 epist.
984 1936 1078 1978 octm
1088 1944 1096 1979 ε
1106 1928 1176 1981 ‹tte-

90 2004 193 2061 Studere
210 2025 237 2057 se
255 2001 431 2074 wuptautm.
454 2002 515 2056 Hoc
549 2013 607 2063 est,
652 2002 757 2073 liquum
779 2014 819 2054 est
838 2002 934 2072 igitur,
956 2014 987 2055 ut
1007 2005 1120 2059 tibine
1142 2007 1173 2061 in

90 2085 226 2138 auditores
236 2101 292 2135 non
299 2081 418 2135 sentiunt
426 2097 455 2133 se
468 2098 610 2149 argumen·
652 2081 726 2132 omni
748 2098 778 2132 re
799 2099 861 2131 eum
880 2082 1013 2152 prebesm
1033 2098 1173 2156 prostem.

90 2176 151 2218 tum
159 2164 279 2236 praebere
292 2160 432 2224 versibus,
445 2176 511 2230 quos
522 2170 610 2231 poete
652 2177 722 2230 que,
735 2171 766 2212 ut
783 2158 818 2212 sd
837 2160 928 2214 omnia
946 2181 1007 2233 quse
1027 2165 1068 2218 tui
1086 2166 1174 2220 velint

92 2244 339 2313 cumrolnptsteet
349 2237 527 2293 delectatione
537 2256 609 2292 com·
652 2239 689 2292 ito
704 2239 755 2291 sim
772 2252 885 2311 presto,
901 2252 932 2294 ut
947 2260 1063 2298 menon
1079 2247 1171 2300 solnm

92 2336 210 2397 pontem.
228 2319 311 2375 Unde
332 2318 403 2373 infre
417 2316 609 2391 dicit-qums
652 2320 744 2372 omnia
764 2318 864 2373 debere
881 2335 929 2375 tua
947 2341 1055 2390 ceusu,
1072 2324 1122 2379 sed
1141 2345 1171 2380 es

91 2403 220 2477 gestiente
239 2400 300 2455 fieri
322 2400 444 2454 solebant
461 2400 545 2452 ..Vct
566 2399 608 2452 in·
651 2416 775 2471 quoque,
794 2401 875 2453 etiam
895 2420 955 2473 quc
976 2421 1033 2456 non
1052 2407 1171 2476 pomus,

92 2482 184 2556 tellige
207 2483 279 2555 ipsos
299 2492 391 2554 poetas
405 2479 485 2533 etism
497 2496 554 2533 non
563 2494 609 2532 co·
650 2493 752 2552 putem.
766 2505 834 2528 ι...
845 2481 928 2534 Proui
942 2481 1024 2536 studii
1037 2484 1170 2557 ·,inquit

93 2563 228 2643 gitsntesg
239 2561 305 2628 dpm
318 2560 475 2633 spectaculis
493 2559 609 2626 adsunt,
652 2560 1008 2634 val.ttu.tib.IV,oep8,
1023 2566 1171 2628 nemrim

92 2642 202 2699 studere
219 2643 302 2710 ,φὴς
311 2620 394 2700 animi
400 2621 594 2704 :delectatioiie'
600 2625 615 2707 ξ
619 2703 629 2722 .
640 2652 692 2708 :est
703 2639 832 2694 indicium
843 2658 923 2712 supra
934 2642 1005 2697 vires
1013 2642 1064 2695 niti
1071 2682 1080 2709 ,
1088 2663 1170 2716 quam

95 2712 382 2797 quodne'mp'er‘eieisi
389 2707 623 2775 domtim'ssciait·
640 2719 754 2774 :viribus
773 2740 806 2774 ex
832 2721 904 2775 sacili
927 2721 978 2775 uti.
1003 2723 1079 2776 Alter
1096 2727 1170 2779 enim

93 2822 186 2859 sersus
213 2802 248 2857 de
269 2795 389 2889 iissqde
411 2798 609 2882 sqtgsidtpittt,
652 2799 727 2872 quod
746 2812 847 2872 potest,
864 2814 971 2872 prostat
984 2819 991 2855 :
1004 2802 1071 2855 alter
1088 2803 1171 2858 etism

46 2922 53 2934 ·
93 2897 142 2941 sut
156 2882 387 2939 undamn-et.
409 2867 501 2947 tini.
550 2871 575 2922 ’ἶ
650 2881 803 2954 plusquam
817 2881 974 2953 potest-Ei
984 2883 1026 2935 sai
1038 2903 1063 2936 τι
1077 2880 1172 2938 tme-

97 3000 101 3011 .
137 2985 164 3019 a.
178 2965 248 3019 Illud
260 2962 368 3043 Μὴ)
383 2959 609 3050 ιωΜίςμιιι·
652 2982 701 3015 rus
715 2962 769 3015 tori
786 2964 878 3033 μεῖζον.
891 2961 1011 3014 Phalaris
1023 2963 1101 3033 epist.
1120 2965 1169 3018 31.

96 3030 417 3120 gii,Psr.16⁰f7.··⁸2·⁸.⁰·
449 3046 549 3102 ·2.‘⁸·:
587 3027 598 3107 Ξ
694 3044 720 3096 8.
735 3041 863 3093 Proestabo
877 3041 1038 3094 Beverlandi
1050 3043 1106 3096 MS.

138 3131 164 3184 3.
178 3127 344 3197 Delinqut'mus
357 3105 547 3175 Bereiln⁰nd.''
693 3122 854 3191 9.1mperavi.
867 3119 937 3173 Edd.
949 3134 1014 3174 vett.
1029 3122 1170 3192 imperabo:

136 3219 161 3275 4.
178 3208 228 3261 His
248 3216 328 3257 cutem
347 3199 427 3254 idem.
445 3234 486 3244 -
502 3200 608 3254 Mum'ci·
652 3200 697 3253 ulii
712 3203 844 3271 impetras-i.
858 3203 1027 3272 -lmpmoi
1044 3204 1112 3255 mihi.
1135 3200 1168 3254 ld

92 3293 195 3365 peliunt.
204 3284 373 3355 Municipum
388 3300 510 3336 meorum
524 3281 608 3334 Bilbi·
651 3292 705 3345 est,
719 3280 807 3333 Etiam
817 3281 929 3347 nolens,
941 3294 968 3334 te
979 3282 1090 3353 jubente
1101 3282 1168 3335 scri·

95 3373 241 3426 litsnorum
253 3363 355 3420 invidia
368 3375 395 3415 et
405 3361 608 3425 malevolentia,
651 3361 713 3414 bem
727 3379 827 3413 versus.

96 3453 144 3525 qui
170 3447 280 3523 quidem
303 3442 415 3513 maligni
436 3454 462 3494 et
481 3458 532 3513 pro
554 3441 608 3494 loci
696 3456 737 3493 ro.
758 3439 806 3492 Cui
822 3440 947 3510 iudtslgere
963 3440 991 3492 in
1007 3438 1070 3493 Ald.
1089 3440 1165 3493 Junt.

95 3533 212 3587 exilitate
232 3526 327 3589 multi,
346 3542 391 3577 me
410 3534 539 3593 carpunt,
558 3522 607 3574 ob·
650 3534 677 3575 et
689 3521 826 3592 plerisque
838 3519 900 3573 edd.
912 3520 1035 3592 antiquis.

94 3623 224 3674 vectant,
239 3605 375 3660 mordent.
694 3619 739 3654 rr.
757 3601 916 3663 Comaei-am,
934 3612 960 3651 et
974 3604 1051 3654 statui
1069 3600 1120 3671 leg.
1138 3600 1166 3652 in

137 3695 164 3748 5,
177 3692 246 3745 [bras
255 3700 299 3740 out
308 3688 379 3737 alter.
390 3680 517 3749 Quamvis
528 3681 608 3752 pauci
651 3681 754 3734 iisdem.

96 3773 166 3839 siut,
183 3773 253 3824 sorte
270 3765 342 3833 duo,
361 3765 408 3837 qui
423 3775 533 3834 carpant
549 3780 608 3814 mee
695 3779 739 3814 re.
751 3761 903 3814 Aduentoria
914 3759 1099 3812 manumet.
1117 3759 1164 3812 lib.

96 3853 301 3927 epigrammata,
323 3845 426 3899 rstione
445 3856 533 3896 tamen
554 3842 607 3895 loci
651 3842 748 3905 XXX,
765 3860 823 3913 cap.
843 3845 892 3907 26,
905 3841 944 3894 sic
960 3840 1075 3910 explicat
1091 3839 1167 3893 hunc

96 3933 184 4006 exigui
197 3930 287 4003 plures
299 3925 437 3979 videntur.
651 3923 750 3975 locum.
764 3924 805 3974 De
817 3921 889 3974 libro
903 3932 991 3973 autem
1005 3931 1035 3971 nt
1045 3944 1057 3966 ι
1071 3916 1107 3972 de
1121 3917 1167 3972 td·

137 4016 166 4068 6.
176 4010 253 4083 Quod
260 4005 403 4062 Pulmsnni
413 4002 472 4057 cod.
651 4003 774 4055 tentoria
786 4019 859 4054 coeno
875 4026 887 4048 ι
901 4000 1034 4073 loquitur,
1050 4018 1104 4071 qua
1118 4018 1165 4051 ex-

136 4112 164 4163 7.
182 4092 231 4146 Cui
251 4108 299 4142 uon
316 4089 394 4155 essem
413 4087 528 4155 W-
547 4082 608 4136 tte·
652 4082 742 4154 cipere
754 4082 870 4135 solemus
882 4080 982 4134 amicos
995 4096 1108 4151 peregre
1122 4094 1166 4132 re·
