2670 4808
311 351 758 423 EPIGRAMMATUM
786 352 881 419 LIB.
909 351 999 418 Xll.
1145 346 1194 419 25

561 576 768 664 XXVII.

526 814 571 860 ΙΝ
600 812 778 860 sattim.

235 1003 264 1072 A
286 1020 510 1071 ulraorunus
530 1022 600 1068 esse
620 1013 654 1067 te
676 998 819 1068 fiitutam

235 1107 344 1192 Dicis,
365 1106 462 1176 Senia
478 1130 486 1173 :
503 1104 561 1175 sed
577 1119 702 1200 negant
719 1105 873 1174 latrones.

173 1330 199 1363 2.
220 1309 328 1378 Negant.
359 1308 426 1361 Tres
449 1324 505 1360 ene
530 1317 643 1378 potsunt
686 1318 742 1372 tur,
753 1303 951 1378 quodammodo
963 1305 1135 1378 gloriabatur.
1146 1307 1198 1361 Vel

138 1389 201 1442 illim
214 1387 354 1453 versiculi,
367 1386 440 1440 illiue
452 1387 524 1439 vocis
535 1405 641 1454 teneut;
686 1385 810 1450 demum,
823 1398 849 1439 et
867 1386 890 1438 it
914 1387 1007 1439 tertius
1018 1405 1108 1441 censue
1121 1405 1129 1439 ε
1143 1387 1198 1440 Ne·

135 1485 243 1540 quorum
262 1463 371 1539 quidem
396 1465 500 1538 primns
523 1460 642 1519 hiczlie·
685 1477 748 1536 gant
769 1477 797 1519 te
817 1465 915 1520 usitato
938 1464 1020 1519 modo
1044 1486 1099 1520 aete
1121 1485 1197 1533 utos,

134 1561 189 1619 gant
205 1561 232 1600 te
246 1548 400 1619 impulsam,
413 1558 530 1600 coactam
545 1546 578 1597 al>
596 1546 641 1612 iit,
685 1547 812 1619 aiuntque
829 1558 856 1599 te
876 1545 1041 1598 inhonestius
1057 1547 1197 1618 quippiam

132 1627 199 1698 quod
222 1628 267 1680 illa
288 1626 408 1679 innuisse
427 1626 517 1679 fortan
535 1623 642 1679 videbu-
684 1645 787 1696 partam
796 1638 901 1690 etse,ut
911 1626 1100 1679 Callistratum.
1113 1627 1196 1698 epigr.

133 1705 246 1773 tur3eed
263 1707 285 1759 is
307 1725 455 1778 perperam.
479 1706 572 1758 Alter:
587 1706 640 1758 Ne·
684 1704 1009 1770 xxxr,infra.Eduobun
1019 1705 1201 1777 hisinterpre·

132 1800 189 1858 gant
210 1786 325 1839 deformi
345 1786 410 1851 tibi,
430 1785 525 1839 vetula
545 1784 594 1838 tibi
614 1803 642 1838 te
685 1785 830 1838 tationihur
847 1785 927 1855 eligat
943 1785 1046 1850 leotor;
1060 1804 1120 1838 nam
1138 1799 1198 1856 upta

132 1867 180 1919 vim
192 1865 329 1930 intulitae,
340 1883 393 1937 qua
406 1866 458 1937 ipei
473 1864 642 1934 coinquinati
684 1865 775 1916 haecet
781 1865 835 1917 illa.
845 1865 901 1917 Not
907 1864 1027 1916 ultimam
1034 1876 1123 1916 tamen
1132 1883 1198 1937 pru·

132 1958 154 1999 et
168 1944 275 1999 ridiculi
295 1945 451 2009 eratiuent5
468 1962 583 2014 numque
597 1943 641 1996 illa
686 1943 810 2008 ferimua;
821 1943 921 2014 quippe
933 1962 991 2014 quae
1008 1961 1097 1995 sensus
1108 1944 1200 2013 nequi·

133 2042 191 2078 anus
198 2063 207 2090 ,
219 2025 265 2078 illa
277 2023 421 2090 deformis,
435 2022 500 2076 dum
516 2041 640 2094 querere·
686 2022 755 2088 orie,
765 2042 815 2095 pro
825 2023 933 2094 ingenio
946 2022 1178 2093 epigrammatum.

559 2228 775 2316 XXVIII.
842 2276 844 2283 ·

500 2433 826 2513 tricinum*

179 2657 280 2725 Poro
298 2677 362 2749 ego
380 2666 565 2722 sextantes:
580 2667 618 2721 tu
632 2667 744 2749 potas,
759 2653 884 2740 Cinna,
899 2651 1044 2722 deuncos
1057 2678 1064 2720 ε

233 2762 279 2829 Et
290 2760 439 2855 quereris
456 2758 547 2854 quod
565 2784 651 2846 non,
670 2760 797 2845 Cinna,
815 2757 967 2828 bibamus
983 2758 1080 2829 idem.

167 2966 180 2992 ⁶
195 2974 229 3026 In
244 2972 298 3026 boc
310 2972 498 3045 epigrammate
512 2971 564 3027 ribi
579 2989 643 3025 eon·
687 2990 768 3044 qnam
782 2989 832 3044 ego
844 2971 918 3025 bibo.
935 2973 1022 3025 Immo
1038 2990 1087 3044 ego
1100 2988 1198 3043 queror

130 3053 244 3117 trariut,
257 3052 354 3106 Noster
371 3053 485 3106 Cilnium
500 3050 643 3124 quemdam
687 3050 760 3123 quod
772 3064 801 3104 tu
813 3052 888 3105 bibat
898 3052 959 3123 plna
969 3070 1049 3123 quam
1061 3070 1118 3124 ego.
1129 3051 1200 3105 Con·

129 3134 226 3187 refellit
244 3131 281 3185 de
302 3133 354 3186 hoc
374 3144 550 3204 querentem,
569 3129 643 3204 quod
685 3132 809 3185 venimus
831 3144 920 3184 tamen
947 3143 974 3184 et
994 3150 1071 3202 parea
1088 3149 1197 3195 tumus,

130 3211 185 3284 ipae
203 3230 273 3283 saepe
292 3210 415 3265 irascitur
434 3211 492 3265 fieri
512 3211 584 3284 apud
601 3210 643 3264 di·
686 3210 759 3283 quod
769 3212 842 3264 enim
855 3230 904 3283 ego
913 3229 1023 3282 genere,
1035 3222 1202 3275 tuuumer03

130 3291 225 3357 tiores,
237 3292 402 3344 scilicetnon
411 3290 644 3345 eodemeesecon·
687 3290 762 3363 quod
777 3310 826 3362 ego
846 3291 988 3362 qualitate,
1002 3303 1032 3343 tu
1051 3289 1199 3361 quantitate

130 3372 286 3436 viraalooo,
298 3388 353 3441 quo
366 3369 522 3436 dominam
533 3382 560 3423 et
573 3389 642 3424 orae·
685 3371 769 3424 bibat.
786 3371 880 3441 Neque
897 3388 961 3423 vero
980 3386 1086 3439 nquam
1105 3380 1158 3433 eat,
1170 3378 1198 3420 te

130 3450 467 3514 tioreaciboa,rilioravina
475 3451 525 3503 illis
533 3450 642 3521 apponi.
685 3450 811 3503 bibonem
835 3449 942 3502 haurire
962 3448 1058 3519 optimi
1068 3447 1129 3499 tini
1143 3466 1199 3500 atu·

171 3539 196 3584 1.
216 3531 362 3594 dextrantes,
384 3543 435 3584 etc.
456 3529 556 3583 Pocula
573 3528 642 3582 duo·
686 3530 793 3600 phoras.
806 3530 908 3582 Notum
921 3546 987 3580 vero
998 3525 1064 3598 quid
1077 3528 1142 3579 olim
1155 3527 1198 3579 in·

130 3627 189 3662 rum
204 3611 372 3683 cyathorum.
390 3609 431 3663 Cf.
445 3608 493 3663 lib.
507 3611 537 3676 I,
557 3609 642 3680 epigr.
685 3621 727 3663 ter
755 3608 878 3661 convivae
908 3606 1090 3678 discrepantia
1114 3607 1200 3677 impe·

130 3690 475 3755 umanum-Daunus.
482 3688 582 3742 Pocula
590 3706 642 3741 un·
686 3700 756 3741 roret
775 3706 916 3759 procerum
944 3698 990 3740 eut
1013 3687 1137 3758 superbia
1155 3700 1200 3741 ant

130 3766 217 3823 decim
246 3769 414 3843 cyathorum.
436 3769 537 3823 Confer
562 3768 642 3821 etiam
686 3766 823 3833 avarities,
850 3780 877 3821 et
899 3766 1000 3839 optima
1021 3770 1072 3828 τοῖς
1093 3768 1199 3839 ἀρίστοις

131 3848 179 3902 lor.
196 3869 276 3919 supra
290 3847 372 3902 modo
383 3849 502 3902 citatum.
686 3859 832 3912 reservata,
847 3846 912 3900 dum
922 3847 1047 3901 vilissima
1061 3858 1088 3900 et
1100 3847 1199 3900 nullius

172 3950 198 3982 ι.
209 3931 249 3982 Et
260 3933 382 4002 queren't,
400 3941 450 3982 etc.
466 3929 509 3981 Tu
525 3928 643 3999 quereris
686 3927 766 3998 pretii
786 3925 857 3999 apud
873 3928 969 3999 vulgus
983 3940 1138 3982 vocatorum
1157 3945 1199 3980 res

130 4027 174 4064 nie
186 4009 236 4064 tibi
250 4027 388 4083 apponere
400 4007 519 4063 deterius
536 4008 643 4073 viuum,
687 4008 862 4078 linqueretur.
879 4008 931 4061 En.
