2670 4808
223 291 270 363 50
507 293 552 357 Μ.
571 293 677 359 vAL.
706 292 1001 359 MARTIALIS

377 422 429 491 Ne
449 423 515 490 sint
532 422 621 491 basia
639 436 747 509 muta,
768 447 830 491 nec
847 420 1009 515 maligna,

377 530 448 596 Nec
464 525 563 596 clusis
581 526 706 595 aditum
723 543 821 622 neget
837 526 970 596 labellis.

378 635 532 701 Humane
549 631 627 701 facit
643 632 708 703 hoc
726 648 836 702 tamen
855 633 936 703 :sed
951 656 1054 701 unum
1071 647 1138 716 est;

379 739 491 805 Gratis
508 761 582 830 quae
598 737 678 805 darc
696 738 821 808 basium
840 751 990 825 recusat,

377 845 490 910 Gratis
509 840 633 936 lingere
648 868 709 911 nec
725 857 854 912 recusat
868 843 972 937 AEgle.

223 1020 280 1071 vioe
295 1029 407 1070 monetat
427 1032 503 1067 nova
520 1027 547 1065 et
568 1033 674 1086 aspere.
691 1048 730 1057 -
775 1017 896 1068 versiculi
923 1034 1027 1069 uncum
1046 1016 1151 1070 iteratio
1171 1030 1198 1070 et
1213 1026 1289 1071 πλω-

224 1098 304 1151 Mna.
316 1094 517 1165 Aliquantulum
535 1104 632 1146 sonent
647 1107 674 1146 et
686 1112 731 1146 au·
775 1097 878 1164 νασμός.
892 1092 944 1147 En.

222 1176 338 1230 dimtur.
352 1173 529 1236 Theocritus,
541 1171 624 1244 ldytt.
638 1174 666 1224 11
676 1173 730 1225 :nei
816 1193 844 1240 9.
856 1173 938 1226 Muta
951 1172 1008 1226 aliie
1022 1172 1193 1228 adscribitur.

222 1255 381 1325 ὶψιθυρίζομιν
398 1253 479 1321 ἄμφω.
492 1253 545 1304 En.
557 1284 596 1294 —
607 1251 730 1321 Maligna.
820 1269 863 1305 ro.
875 1253 915 1305 Na
928 1253 999 1305 clauis
1012 1251 1106 1324 legunt
1120 1254 1174 1309 alil.
1183 1285 1225 1297 —
1236 1257 1295 1311 Ne-

222 1332 311 1399 Quid,
327 1332 437 1394 amabo,
450 1330 521 1384 basia
541 1349 587 1382 non
603 1332 732 1400 maligno?
774 1344 823 1402 get.
842 1332 938 1386 Melina
953 1331 1056 1385 fortean
1070 1347 1163 1405 negent.
1179 1364 1218 1375 —
1236 1337 1298 1388 Nec

221 1413 300 1466 illane
327 1409 486 1464 intellexeris
515 1427 574 1480 que
605 1423 632 1462 et
661 1412 731 1462 Ana·
775 1412 862 1473 elusr's,
886 1424 936 1464 etc.
957 1410 1000 1464 Sic
1024 1411 1152 1483 Apuleius
1176 1413 1204 1466 in
1236 1415 1300 1468 fra·

223 1489 362 1544 creonticia
376 1481 437 1557 (od.
450 1487 522 1551 1111)
535 1501 561 1541 et
577 1489 732 1543 Catulliania
775 1503 883 1561 grneuto
897 1490 1027 1554 iambico,
1042 1492 1212 1563 mpporititio
1232 1495 1292 1546 tor·

223 1569 405 1624 numerosiora
421 1595 432 1616 ι
445 1567 612 1638 congerimue
634 1585 732 1640 prope·
776 1586 838 1632 ean,
853 1569 927 1641 qnod
936 1567 970 1622 ad
983 1570 1055 1623 illiue
1063 1587 1177 1642 opernm
1188 1573 1293 1626 calcem

222 1662 294 1714 rata,
306 1649 362 1702 aine
375 1646 487 1708 ordine,
504 1647 601 1718 raptim
611 1673 622 1695 ι
633 1643 732 1710 (Ovid.
776 1650 857 1721 vulgo
869 1648 973 1702 editur:
986 1676 997 1696 ι
1007 1649 1061 1702 Olli
1074 1669 1209 1723 purpurea
1222 1650 1292 1705 deli·

222 1726 332 1782 Heroid.
347 1728 457 1791 XVIII,
471 1724 593 1790 113),·n
605 1726 732 1797 illaque,
775 1728 869 1782 bantec
880 1728 969 1782 oscula
975 1729 1106 1782 Clementi
1113 1749 1205 1784 morau
1214 1750 1290 1785 roaea

223 1822 253 1862 ut
286 1806 405 1877 sequenti
435 1805 548 1875 explicat
578 1807 732 1873 verriculo,
776 1808 871 1862 labella
881 1800 1181 1873 vellicent,Candentea
1196 1808 1290 1865 dentes

226 1913 238 1935 ι
251 1887 331 1941 eluaie
346 1903 400 1938 aon
421 1883 523 1938 aditum
538 1898 636 1955 negent
650 1885 732 1939 label·
777 1887 896 1959 effigient
909 1888 1010 1940 anavio.
1024 1912 1035 1933 ι
1048 1888 1098 1940 En.

224 1967 256 2020 lie
269 1965 382 2018 ninam
402 1965 518 2034 maligna
533 1977 587 2028 eat,
608 1982 667 2035 qun
686 1983 733 2018 cn·
822 1985 865 2019 rr.
880 1967 1080 2034 Hmanesacit‚
1100 1979 1150 2021 etc.
1167 1971 1207 2020 An
1227 1971 1287 2040 qnia

224 2045 289 2117 pido
300 2045 398 2097 amanti
411 2042 475 2096 dum
489 2041 550 2109 dat,
564 2057 640 2114 negat
651 2056 678 2096 et
691 2045 732 2097 eni
778 2064 834 2098 osee
848 2059 875 2098 et
885 2047 966 2098 ebore
976 2044 1152 2100 dentatailib.
1163 2049 1286 2119 Lepigr.

225 2122 735 2195 impotemaicuritettorquet.Utram·
778 2142 875 2176 ιιιιιι.
897 2126 939 2176 An
960 2126 1021 2197 quia
1040 2143 1087 2178 ore
1107 2126 1287 2199 impura,ut·

224 2223 277 2274 que
289 2222 339 2274 ego
352 2202 397 2254 bic
408 2202 486 2255 innui
501 2200 676 2268 crediderim
687 2201 734 2255 ced
778 2215 841 2275 pote
859 2203 988 2274 μύζουριςΐ
1006 2205 1052 2257 lib.
1074 2207 1101 2269 1,
1121 2205 1205 2278 epigr.
1228 2226 1287 2265 xcv,

226 2283 299 2354 priua
319 2281 419 2351 magia,
442 2300 476 2333 ne
497 2281 530 2333 ait
546 2282 581 2333 ob
601 2283 733 2352 sequentia
778 2295 805 2336 et
816 2283 864 2335 lib.
879 2285 921 2348 ll,
936 2284 1021 2354 epigr.
1035 2303 1077 2336 xv.

697 2483 812 2570 LVI.

550 2693 591 2736 ιιι
620 2662 970 2738 conuenturum*

279 2847 457 2914 AEonoras
475 2868 542 2911 uno
558 2842 690 2926 decies,
707 2858 765 2912 aut
783 2846 916 2940 saepius,
934 2869 1037 2931 anno;

334 2952 404 3018 Nec
421 2948 499 3035 tibi,
515 2948 572 3017 scd
590 2948 685 3017 nobis
704 2948 786 3037 hoc,
807 2948 1045 3045 Polycharmo,
1061 2969 1170 3022 nocet.

278 3058 365 3125 Nam
387 3057 514 3148 quoties
536 3055 659 3148 surgis,
680 3058 799 3124 soteria
817 3059 924 3149 poscis
943 3061 1076 3127 amicos.

267 3207 519 3278 'Quemadmodum
528 3206 680 3282 tupra(vid.
688 3211 735 3263 lib.
780 3212 832 3276 lae,
847 3226 874 3268 et
893 3215 964 3268 lecto
984 3216 1093 3268 affixum
1114 3228 1141 3270 te
1159 3221 1291 3289 noemin.

229 3295 311 3359 VIIl,
325 3293 408 3364 epigr.
428 3281 510 3356 uir)
525 3289 654 3362 quoidam
669 3287 737 3343 dixit
822 3311 847 3345 a.
858 3294 912 3346 Nec
926 3295 984 3357 tihi,
1002 3296 1046 3347 sel
1056 3297 1139 3359 nobis,
1154 3310 1204 3351 eto.
1221 3299 1292 3353 Con·

228 3375 321 3444 stepiua
338 3373 366 3424 in
383 3389 454 3423 anno
471 3369 560 3436 nacci,
577 3382 603 3422 et
622 3369 736 3423 natalem
779 3370 919 3425 valencenti
931 3374 1074 3427 mittebant
1088 3376 1168 3429 amici
1183 3397 1237 3448 pro
1249 3397 1289 3431 aa·

229 3453 382 3513 celebrare,
401 3450 443 3501 uti
464 3463 604 3518 poscerent
627 3467 736 3503 munera
780 3451 835 3503 lute
850 3465 955 3522 recepte
970 3472 1098 3519 munera,
1110 3460 1291 3526 quaeue-iera

229 3531 364 3595 natalitia;
377 3530 413 3581 ita
426 3526 633 3599 Polycharmnm
645 3529 682 3580 ait
693 3547 737 3581 ate·
780 3532 918 3584 vocabant.
933 3532 1014 3585 Unde
1026 3536 1136 3588 morbus
1149 3534 1228 3590 fictae
1239 3539 1291 3590 Po·

194 3622 197 3630 ·
229 3613 288 3683 pina
303 3609 402 3679 lingere
420 3609 562 3673 morbum,
577 3622 608 3661 ut
622 3609 737 3678 portulet
779 3609 988 3680 lycbarmonou
1001 3615 1128 3679 nocebat,
1142 3616 1292 3688 quinoque

226 3692 260 3743 ab
275 3687 366 3741 amicis
379 3689 415 3740 ob
425 3687 516 3741 nturi·
532 3685 735 3758 redintegratio·
781 3689 838 3741 ullo
856 3691 993 3744 laborabat
1015 3692 1109 3746 dolore
1129 3707 1157 3747 et
1174 3710 1293 3767 quattu

227 3787 289 3821 nem
303 3767 419 3838 corripio.
778 3769 891 3821 multum
900 3771 1071 3825 rimulatione
1082 3773 1206 3845 improba
1215 3777 1291 3828 oolli-

272 3868 296 3901 ι.
309 3848 430 3918 AEgrotas
445 3865 492 3897 uno
507 3845 599 3908 decies,
614 3857 663 3898 ete.
677 3845 734 3898 Iloc
777 3848 871 3918 gebat,
883 3849 929 3902 ted
941 3854 997 3920 ejue
1008 3852 1099 3905 amicir
1110 3873 1125 3906 a
1137 3855 1236 3924 quibui
1247 3873 1293 3926 pe·

227 3941 277 3991 eat,
288 3939 459 3997 egrotantem
471 3938 497 3977 te
508 3924 642 3978 multotiea
654 3927 734 3977 aimu-
780 3927 850 3981 tebat
863 3931 968 3984 aotrria.

72 4330 242 4470 »A
