2670 4808
243 341 687 421 EPIGRAMMATUM
714 354 809 421 LIB.
839 355 928 421 XII.
1070 354 1116 425 55

216 483 300 550 Hinc
317 483 417 551 instat
438 482 496 551 tibi
515 497 640 568 textor,
655 484 731 552 inde
750 483 848 568 fullo,

216 588 300 655 Hinc
316 602 408 656 sutor
424 588 522 657 modo
538 586 622 682 pelle
638 590 779 673 basiate,

216 694 300 762 Hinc
320 696 421 762 menti
440 693 595 765 dominus
611 694 805 788 pediculum,

218 798 301 867 Hinc
319 797 582 894 defioculueqne‚
599 815 633 869 et
650 799 726 870 inde
744 799 872 896 lippus,

215 901 438 998 Fellatorque,
458 928 637 1000 recensque
658 904 875 999 cunnilingus.

215 1011 287 1076 Jam
307 1012 391 1078 tanti
408 1011 468 1079 tibi
490 1036 558 1080 non
581 1011 643 1080 fnit
665 1012 780 1080 redire.

95 1224 122 1274 7.
141 1205 252 1257 nana.
272 1206 344 1258 Dnm
361 1205 497 1260 morderet
511 1209 568 1261 luto
613 1208 670 1261 HS.
693 1209 810 1273 mairo,
831 1208 918 1278 inquit
939 1207 1123 1271 Sehaereliue,

56 1298 165 1356 putrem
180 1285 294 1350 soleam,
308 1297 338 1338 nt
351 1284 399 1338 lib.
414 1286 469 1350 11,
484 1287 567 1359 epigr.
613 1306 645 1340 an
662 1287 801 1343 Salmasine
814 1288 957 1341 eorrexerit
972 1288 1040 1341 nnc
1054 1291 1123 1341 cecis

58 1382 150 1428 eurr,
164 1381 201 1415 m.
221 1381 248 1417 a.
613 1367 697 1430 oeulis,
711 1364 757 1419 sed
769 1365 970 1438 requirendum.
986 1365 1122 1436 -neſso-

97 1445 127 1496 8.
148 1442 293 1495 Peda'caloat'.
315 1442 444 1498 Brodene
462 1445 509 1498 lib.
533 1446 568 1499 X.
613 1447 687 1499 cultu.
705 1445 756 1499 Cui
773 1444 853 1510 defit,
865 1464 913 1498 een
929 1444 1003 1499 deest
1015 1447 1123 1509 oeulos,

59 1521 161 1574 tn'scel.
177 1540 235 1594 eap.
250 1522 288 1585 34
304 1522 379 1594 legit,
390 1524 528 1593 periculosi,
543 1538 570 1577 et
614 1525 710 1578 laeena.

57 1600 169 1672 exponit
179 1601 323 1657 laborantia
331 1602 436 1657 lichene
444 1621 490 1656 aen
497 1622 570 1657 men·
658 1622 702 1658 ιι.
718 1605 775 1656 lam
791 1609 862 1656 tenti.
878 1602 1016 1674 Siquidem
1034 1621 1123 1657 rever·

59 1695 133 1752 ¹³31·
614 1704 657 1736 ane
670 1684 727 1740 heae
743 1701 799 1736 erae
814 1701 948 1755 paeoniae.
956 1680 1028 1736 Vide
1046 1694 1072 1734 et
1089 1683 1123 1734 ol.

102 1721 142 1830 9]
160 1759 308 1829 nefioanu
332 1762 386 1814 nnc
414 1760 570 1815 nomnen
616 1764 662 1814 aa.
678 1763 828 1833 remige.
847 1780 917 1817 κω.

545 1971 644 2056 LX.

371 2207 422 2250 nn
451 2205 566 2249 snum
595 2173 817 2248 natum*

117 2379 258 2446 Manms
282 2373 414 2442 alumne
435 2372 523 2457 dies,
538 2397 665 2442 roseam
688 2396 755 2464 qno
778 2370 930 2464 lampada
951 2373 1110 2465 primum,

169 2484 360 2575 Magnaque
378 2479 494 2548 siderei
510 2477 651 2546 vidimus
667 2501 724 2546 ora
740 2478 819 2560 Dei,

116 2589 150 2656 Si
168 2602 201 2656 te
216 2609 294 2654 rure
309 2584 391 2670 coli,
407 2583 591 2675 viridesque
610 2582 734 2678 pigebit
751 2582 793 2651 nd
807 2605 897 2664 aras,

169 2692 237 2781 Qui
252 2690 361 2759 fueras
376 2689 471 2759 Latia
485 2685 593 2758 cultus
608 2690 642 2756 in
660 2687 741 2757 urbe
757 2687 854 2774 mihi;

106 2879 118 2901 '
132 2882 221 2935 Natali
235 2899 285 2934 eno
297 2897 326 2932 ae
337 2879 475 2950 genialiter
491 2879 576 2930 victu·
620 2896 700 2931 veram
723 2890 800 2931 terrm
812 2879 919 2948 globum
937 2878 1032 2948 globua
1049 2879 1128 2939 nolin,

68 2979 126 3013 mm
138 2958 205 3015 dicit
217 2978 280 3014 rure
289 2996 298 3022 ‚
308 2958 383 3030 qaod
398 2958 426 3010 in
441 2957 507 3013 urbe
521 2975 575 3008 non
619 2957 694 3009 aiunt
706 2958 825 3027 interpp.
834 2987 874 3000 -
883 2956 988 3029 Atquin
999 2955 1090 3010 caedat
1099 2956 1128 3011 id

69 3051 182 3110 poterat.
620 3036 746 3106 eogitaeae
766 3036 940 3090 Martialem?
965 3035 1061 3088 Nonne
1086 3054 1129 3088 re·

110 3139 135 3174 1.
146 3118 238 3171 Martis
249 3117 351 3169 ahane.
364 3116 423 3169 Hoc
434 3128 488 3178 eet,
498 3137 515 3167 o
525 3121 576 3169 Ka·
621 3115 847 3186 etius‚eiphyai‹›e
853 3113 1025 3185 intelligendo
1031 3132 1130 3184 magau,

68 3196 153 3255 lenda
169 3197 289 3261 Martie,
308 3195 404 3268 quibua
423 3208 500 3247 natue
522 3207 578 3247 erat
621 3195 846 3266 comparationem
857 3193 1019 3248 intellexerie
1027 3194 1133 3248 tacitam

71 3279 148 3333 Poeta
160 3294 167 3329 :
181 3277 230 3329 lib.
244 3276 300 3341 IX,
312 3276 399 3346 epigr.
412 3292 482 3339 nur,
492 3287 520 3329 et
529 3273 577 3328 lib.
622 3274 692 3328 inter
702 3272 820 3331 siderum
829 3286 1026 3328 nocturnorum
1034 3284 1059 3325 et
1069 3271 1133 3325 eolla

71 3356 337 3428 X‚epigr.xx1v.-
345 3356 445 3407 Romam
457 3353 578 3423 larunda
623 3351 843 3423 magnitudinem.
860 3353 911 3405 Eo.
927 3383 967 3395 -
979 3350 1072 3403 Siderei
1084 3351 1132 3403 det.

71 3438 138 3490 Care
151 3434 186 3488 ad
197 3437 226 3488 τὸ
238 3434 324 3486 siderei
335 3433 384 3495 dei,
395 3431 468 3504 quod
477 3433 507 3485 in
517 3450 579 3486 mox
623 3431 682 3484 lloe
689 3434 833 3490 “meolam
840 3432 888 3503 qni
898 3428 1015 3484 siderum
1022 3430 1132 3501 propr-ie

71 3527 214 3586 sequatmo
229 3532 324 3580 veron,
336 3513 418 3566 rerba
432 3513 497 3576 iate,
507 3512 581 3564 relat
623 3509 754 3565 dictorum
764 3513 793 3565 in
800 3528 991 3573 nnmero‚non
999 3509 1027 3562 in
1042 3510 1134 3580 plane

71 3595 201 3664 regimen,
216 3593 323 3647 reiaraa.
336 3591 490 3662 Elegantiua
505 3610 580 3644 nam·
625 3604 710 3645 tarum
723 3586 970 3644 referendumvid.
984 3588 1031 3641 lib.
1046 3589 1133 3658 Speot.

71 3693 120 3744 que
135 3673 257 3728 absolute
275 3671 304 3724 id
318 3689 423 3733 tumere
439 3690 489 3741 pro
504 3670 581 3733 lnce,
626 3669 709 3739 epigr.
725 3687 758 3722 rr.

72 3772 178 3813 aurora,
192 3764 238 3805 aut
254 3751 310 3805 aliie
323 3751 538 3822 quibuaeumqne
554 3746 582 3801 id
668 3748 694 3800 3,
704 3748 808 3801 Pudebit
817 3745 972 3800 Beverlandi
982 3747 1082 3802 MS.-
1091 3750 1119 3799 V
1116 3752 1137 3801 ι’·

74 3851 162 3901 genua.
627 3827 689 3880 rides
704 3827 738 3878 ad
749 3847 813 3878 aras.
831 3827 920 3882 Factae
936 3846 1032 3897 nempe
1046 3846 1077 3879 ex
1092 3847 1134 3879 ce·

114 3931 138 3963 a.
159 3911 255 3978 Magna
274 3928 324 3960 ora.
343 3908 449 3962 Centies
468 3908 538 3960 enim
558 3919 584 3960 et
627 3907 712 3975 epite,
724 3920 751 3959 et
766 3909 908 3960 aromanis
924 3920 1037 3960 ornatas.

76 3990 186 4060 sexagies
205 3986 386 4060 magnitudine
402 3999 508 4056 superat
524 3987 582 4039 nni-
671 3993 695 4047 4.
709 3987 759 4054 Qui
764 3987 858 4052 fueras,
870 3999 918 4039 etc.
929 3987 1016 4050 Quem
1026 3986 1137 4038 natalem

966 4081 1007 4175 aa
